2706 4122
283 161 428 218 BELLUM
447 161 707 220 Ioeuarfflrsuu
725 179 748 219 o.
768 169 880 220 62—64.
1046 163 1088 230 87

75 327 148 372 sese
168 307 329 373 exercuit:
347 308 396 374 ita
413 307 500 373 inter
518 309 599 374 artis
618 309 720 374 bonas
739 309 903 394 integrum
921 308 1089 396 ingenium

74 395 169 460 brevi
192 395 343 462 adolevit.
380 417 471 482 ergo,
494 397 552 462 ubi
574 396 717 481 primum
744 397 948 462 tribunatum
971 397 1124 462 militae

74 505 145 550 rem
164 505 186 549 a
198 485 321 570 populo
339 485 433 570 petit,
450 484 614 569 plerisque
628 484 745 551 faeiem
763 485 832 550 eius
851 485 1087 572 ignorantibus,

74 572 174 640 laetis
196 577 295 638 notus
322 594 380 658 per
403 573 508 639 omnis
536 573 642 639 tribus
670 574 860 640 declaratur.
905 573 1018 639 deinde
1046 575 1123 639 abo

74 683 113 728 eo
137 661 338 748 magistratu
361 661 471 748 alium,
492 667 570 747 post
588 662 688 728 alium
709 663 773 728 sibi
790 662 925 748 peperit,
949 683 1088 746 semper-

75 772 137 834 que
167 749 202 816 in
228 751 450 835 potestatibus
477 772 515 816 eo
543 750 639 816 modo
668 751 830 838 agitabat,
860 755 899 816 ut
931 751 1110 835 ampliore,

75 859 176 922 quam
199 838 337 924 gerebat
359 839 477 925 diguus
499 839 683 904 haberetur.
716 844 827 906 tamen
844 839 873 905 is
893 839 985 905 adid
1003 840 1088 905 loeo·
1107 858 1123 907 e

73 949 149 994 rum
173 927 251 992 talis
274 927 325 993 vir
351 925 441 1015 (nam
467 932 583 1012 postea
606 928 784 994 ambitione
810 948 963 1014 praeceps
991 928 1087 993 datus

74 1013 140 1102 as't)
171 1017 377 1083 consulatum
400 1015 551 1100 adpetere
582 1038 650 1082 non
682 1017 829 1086 audebat.
883 1017 984 1082 etiam
1016 1021 1088 1082 tum

74 1105 159 1171 alios
183 1105 398 1192 magistratus
420 1105 524 1190 plebs,
547 1105 752 1170 consulatum
774 1105 930 1170 nobilitas
948 1106 1035 1170 inter
1054 1125 1087 1170 se

74 1215 133 1278 per
157 1215 274 1260 manus
297 1193 455 1260 tradebat.
499 1214 601 1258 novos
628 1215 724 1259 nemo
752 1197 822 1258 tam
850 1194 956 1259 clarus
982 1211 1121 1278 nequer

75 1287 146 1348 tam
170 1282 313 1369 egregiis
335 1281 432 1348 laetis
455 1285 535 1367 erat,
558 1281 637 1366 quin
659 1282 812 1368 indignus
830 1281 888 1347 illo
907 1283 1031 1348 honore
1054 1285 1089 1346 et

74 1372 103 1436 is
127 1370 224 1456 quasi
246 1370 392 1456 pollutus
415 1370 599 1436 baberetur.

142 1457 253 1546 Igitur
270 1458 328 1524 ubi
341 1457 465 1524 Marius
483 1460 584 1541 [oum]
603 1458 786 1542 haruspicis
805 1459 892 1524 diota
910 1459 1024 1524 eodem
1041 1458 1087 1523 in·
1098 1459 1140 1526 64

74 1547 210 1615 tendere
223 1547 321 1632 ridet,
339 1569 403 1632 quo
422 1547 539 1632 cupido
559 1547 658 1612 animi
671 1547 875 1631 hortabatur,
894 1548 935 1611 ab
954 1545 1087 1612 Metello

73 1636 213 1722 petundi
231 1635 339 1723 gratia
357 1635 546 1702 missionem
559 1639 664 1722 rogat.
697 1635 750 1702 eui
768 1656 965 1720 quamquam
983 1635 1088 1700 virtus

75 1725 185 1813 gloria
208 1729 305 1809 atque
329 1724 394 1790 alia
412 1723 554 1810 optanda
571 1723 667 1790 bonis
686 1724 892 1808 superabant,
914 1727 1025 1789 tamen
1042 1724 1088 1788 in·

76 1817 149 1880 erat
168 1817 375 1898 contemptor
397 1813 524 1879 animus
547 1817 582 1878 et
602 1813 763 1898 superbia,
786 1833 955 1878 commune
973 1811 1088 1876 nobili·

75 1904 158 1969 tatis
172 1903 304 1968 malum.
326 1902 437 1986 itaque
451 1901 593 1986 primum
602 1905 773 1967 oonmotus
783 1901 917 1966 insolita
926 1921 960 1965 re
974 1899 1087 1965 mirari
1105 1919 1122 1966 a

77 1991 250 2078 [primum]
265 1990 334 2056 eius
350 1990 568 2056 consiliumet
583 1990 677 2075 quasi
689 2013 748 2075 per
757 1989 935 2056 amicitiam
949 2010 1088 2074 monere,

75 2103 116 2146 ne
136 2085 209 2145 tam
221 2100 322 2165 prava
335 2078 493 2164 inciperet
505 2099 569 2144 neu
587 2101 684 2163 super
697 2079 864 2144 fortunam
878 2078 1022 2144 animum
1036 2098 1088 2163 ge

75 2173 178 2236 reret:
191 2188 260 2234 non
277 2166 386 2234 omnia
405 2167 554 2234 omnibus
573 2167 734 2252 cupiunda
747 2189 827 2253 esse,
843 2167 958 2232 debere
972 2165 1022 2230 illi
1036 2187 1087 2231 res

77 2279 154 2326 suas
178 2257 260 2323 satis
282 2257 423 2342 plaeere:
450 2260 617 2342 postremo
645 2260 772 2322 caveret
798 2257 832 2321 id
858 2260 968 2340 petere
992 2275 1011 2318 a
1033 2275 1088 2338 po

75 2348 155 2432 pnlo
169 2344 329 2430 Romano,
348 2345 435 2428 quod
451 2343 502 2410 illi
515 2345 585 2410 iure
603 2348 786 2430 negaretur.
818 2348 994 2430 postquam
1007 2343 1087 2408 haee
1106 2361 1122 2410 a

77 2441 177 2521 atque
210 2433 274 2499 alia
305 2433 386 2499 talia
412 2432 495 2498 dixit
525 2454 629 2517 neque
661 2433 787 2498 animus
819 2431 904 2496 Mari
936 2431 1087 2516 flectitur,

76 2523 262 2610 respondit,
283 2522 341 2587 ubi
362 2522 505 2608 primum
522 2521 685 2606 potuisset
712 2542 770 2606 per
793 2520 926 2606 negotia
948 2519 1087 2606 publiea,

76 2613 243 2680 facturum
265 2631 336 2676 sese
359 2631 441 2695 quae
459 2613 593 2695 peteret.
631 2631 668 2675 ao
685 2613 801 2693 postea
825 2608 953 2693 saepius
976 2609 1087 2674 eadem
1105 2627 1123 2674 4

76 2699 261 2787 postulanti
278 2698 382 2764 fertur
400 2698 528 2783 dixisse,
549 2720 591 2763 ne
608 2696 779 2763 festinaret
802 2697 904 2762 abire:
924 2696 1004 2762 satis
1023 2717 1088 2762 ma

77 2797 149 2857 ture
173 2789 269 2855 illurn
292 2809 366 2853 eum
387 2787 534 2852 filiosuo
554 2786 965 2871 consulatumpetiturum.
1001 2786 1087 2852 iseo

78 2885 226 2966 tempore
254 2876 466 2942 contubernio
493 2875 596 2959 patris
623 2875 744 2940 ibidem
775 2874 954 2959 militabat,
986 2896 1087 2940 anuos

77 2973 174 3034 natos
198 2965 330 3032 circiter
351 2964 479 3051 viginti.
517 2985 598 3050 quae
620 2985 672 3028 res
694 2961 836 3028 Marium
859 2985 933 3029 eum
954 2985 1014 3047 pro
1032 2963 1088 3029 ho-

78 3079 170 3142 nore,
203 3075 301 3140 quem
333 3052 527 3138 adfeetrmm,
558 3057 631 3117 tum
659 3056 771 3118 eontra
798 3050 968 3117 Metellum
995 3052 1087 3117 rehe-

79 3150 204 3212 nenter
228 3141 426 3210 ascenderat.
466 3141 515 3206 ita
537 3140 686 3226 cupidine
715 3146 812 3225 atque
835 3141 898 3224 ira,
926 3141 1085 3225 pessumis
1105 3158 1120 3207 5

79 3231 331 3316 consultoribus,
354 3229 510 3316 grassari:
539 3250 644 3313 neque
667 3228 753 3295 fanto
775 3230 844 3295 ullo
872 3249 976 3312 neque
999 3215 1085 3294 dieto

78 3323 252 3405 abstinere,
267 3318 463 3404 quodmodo
478 3318 688 3383 ambitiosum
706 3317 805 3403 foret3
823 3317 954 3401 milites,
969 3316 1086 3400 quibus

78 3413 110 3479 in
130 3408 281 3478 hibernis
304 3411 466 3493 praeerat,
488 3406 610 3472 laxiore
633 3406 769 3490 imperio
793 3428 891 3490 quam
914 3408 1011 3470 antea
1032 3406 1087 3470 ba

79 3501 166 3586 bare;
204 3496 290 3582 apud
320 3495 557 3580 negotiatores,
591 3515 728 3578 quorum
760 3515 879 3580 magna
911 3494 1086 3558 multitudo
