<?xml version="1.0" encoding="UTF-8"?>
<!DOCTYPE html PUBLIC "-//W3C//DTD XHTML 1.0 Transitional//EN"
    "http://www.w3.org/TR/xhtml1/DTD/xhtml1-transitional.dtd">
<html xmlns="http://www.w3.org/1999/xhtml" xml:lang="en" lang="en">
 <head>
  <title>
</title>
<meta http-equiv="Content-Type" content="text/html;charset=utf-8" />
  <meta name='ocr-system' content='tesseract 3.04.00' />
  <meta name='ocr-capabilities' content='ocr_page ocr_carea ocr_par ocr_line ocrx_word'/>
</head>
<body>
  <div class='ocr_page' id='page_1' title='image "./catilinaiugurth02sallgoog_0211.png"; bbox 0 0 2758 4114; ppageno 0'>
   <div class='ocr_carea' id='block_1_1' title="bbox 276 179 906 246">
    <p class='ocr_par' dir='ltr' id='par_1_1' title="bbox 276 179 906 246">
     <span class='ocr_line' id='line_1_1' title="bbox 276 179 906 246; baseline 0.002 -11"><span class='ocrx_word' id='word_1_1' title='bbox 276 181 317 246; x_wconf 86' lang='lat'><strong>16</strong></span> <span class='ocrx_word' id='word_1_2' title='bbox 636 179 744 236; x_wconf 83' lang='lat' dir='ltr'><strong>BEhhl</strong></span> <span class='ocrx_word' id='word_1_3' title='bbox 761 179 906 236; x_wconf 70' lang='lat' dir='ltr'><strong>cauum</strong></span> 
     </span>
    </p>
   </div>
   <div class='ocr_carea' id='block_1_2' title="bbox 240 307 1370 3579">
    <p class='ocr_par' dir='ltr' id='par_1_2' title="bbox 241 307 1287 587">
     <span class='ocr_line' id='line_1_2' title="bbox 276 307 1287 409; baseline -0.001 -19"><span class='ocrx_word' id='word_1_4' title='bbox 276 347 331 390; x_wconf 88' lang='lat' dir='ltr'><strong>eos</strong></span> <span class='ocrx_word' id='word_1_5' title='bbox 354 325 388 388; x_wconf 93' lang='lat' dir='ltr'><strong>in</strong></span> <span class='ocrx_word' id='word_1_6' title='bbox 408 307 449 391; x_wconf 76' lang='lat' dir='ltr'><strong>eo</strong></span> <span class='ocrx_word' id='word_1_7' title='bbox 472 325 557 409; x_wconf 90' lang='lat' dir='ltr'><strong>loco,</strong></span> <span class='ocrx_word' id='word_1_8' title='bbox 584 346 648 409; x_wconf 87' lang='lat' dir='ltr'><strong>quo</strong></span> <span class='ocrx_word' id='word_1_9' title='bbox 676 328 747 390; x_wconf 90' lang='lat' dir='ltr'><strong>tum</strong></span> <span class='ocrx_word' id='word_1_10' title='bbox 776 327 896 407; x_wconf 84' lang='lat' dir='ltr'><strong>essent,</strong></span> <span class='ocrx_word' id='word_1_11' title='bbox 919 346 1013 390; x_wconf 83' lang='lat' dir='ltr'><strong>suum</strong></span> <span class='ocrx_word' id='word_1_12' title='bbox 1036 324 1213 390; x_wconf 80' lang='lat' dir='ltr'><strong>adventum</strong></span> <span class='ocrx_word' id='word_1_13' title='bbox 1235 345 1287 389; x_wconf 89' lang='lat' dir='ltr'><strong>ex·</strong></span> 
     </span>
     <span class='ocr_line' id='line_1_3' title="bbox 241 411 1287 498; baseline -0.002 -20"><span class='ocrx_word' id='word_1_14' title='bbox 241 416 422 497; x_wconf 79' lang='lat' dir='ltr'><strong>aspectare</strong></span> <span class='ocrx_word' id='word_1_15' title='bbox 448 412 612 497; x_wconf 90' lang='lat' dir='ltr'><strong>iussisset,</strong></span> <span class='ocrx_word' id='word_1_16' title='bbox 639 415 826 498; x_wconf 89' lang='lat' dir='ltr'><strong>paruerunt.</strong></span> <span class='ocrx_word' id='word_1_17' title='bbox 878 411 928 478; x_wconf 79' lang='lat' dir='ltr'><strong>Eo</strong></span> <span class='ocrx_word' id='word_1_18' title='bbox 959 417 1134 497; x_wconf 88' lang='lat' dir='ltr'><strong>postquam</strong></span> <span class='ocrx_word' id='word_1_19' title='bbox 1166 411 1287 478; x_wconf 80' lang='lat' dir='ltr'><strong>Caesar</strong></span> 
     </span>
     <span class='ocr_line' id='line_1_4' title="bbox 275 499 1286 587; baseline -0.001 -21"><span class='ocrx_word' id='word_1_20' title='bbox 275 499 431 586; x_wconf 85' lang='lat' dir='ltr'><strong>pervenit,</strong></span> <span class='ocrx_word' id='word_1_21' title='bbox 449 500 588 585; x_wconf 89' lang='lat' dir='ltr'><strong>obsides,</strong></span> <span class='ocrx_word' id='word_1_22' title='bbox 606 523 705 585; x_wconf 88' lang='lat' dir='ltr'><strong>arma,</strong></span> <span class='ocrx_word' id='word_1_23' title='bbox 724 521 845 585; x_wconf 84' lang='lat' dir='ltr'><strong>servos,</strong></span> <span class='ocrx_word' id='word_1_24' title='bbox 863 500 920 585; x_wconf 89' lang='lat' dir='ltr'><strong>qui</strong></span> <span class='ocrx_word' id='word_1_25' title='bbox 934 501 973 565; x_wconf 91' lang='lat' dir='ltr'><strong>ad</strong></span> <span class='ocrx_word' id='word_1_26' title='bbox 987 522 1042 566; x_wconf 90' lang='lat' dir='ltr'><strong>eos</strong></span> <span class='ocrx_word' id='word_1_27' title='bbox 1056 499 1286 587; x_wconf 78' lang='lat' dir='ltr'><strong>perfugissent,</strong></span> 
     </span>
    </p>

    <p class='ocr_par' dir='ltr' id='par_1_3' title="bbox 240 587 1370 1288">
     <span class='ocr_line' id='line_1_5' title="bbox 240 587 1286 764; baseline 0.001 -22"><span class='ocrx_word' id='word_1_28' title='bbox 240 587 622 761; x_wconf 62' lang='lat' dir='ltr'><strong>‘tthtttttss</strong></span> <span class='ocrx_word' id='word_1_29' title='bbox 643 592 932 742; x_wconf 56' lang='lat' dir='ltr'><strong>itlffllhil</strong></span> <span class='ocrx_word' id='word_1_30' title='bbox 950 589 1286 764; x_wconf 59' lang='lat' dir='ltr'><strong>tssftttttltt</strong></span> 
     </span>
     <span class='ocr_line' id='line_1_6' title="bbox 276 763 1370 850; baseline 0.001 -21"><span class='ocrx_word' id='word_1_31' title='bbox 276 763 479 849; x_wconf 77' lang='lat' dir='ltr'>Verbigenus</span> <span class='ocrx_word' id='word_1_32' title='bbox 499 766 690 850; x_wconf 89' lang='lat' dir='ltr'><strong>appellatur,</strong></span> <span class='ocrx_word' id='word_1_33' title='bbox 713 764 781 830; x_wconf 82' lang='lat' dir='ltr'><strong>sive</strong></span> <span class='ocrx_word' id='word_1_34' title='bbox 799 765 917 830; x_wconf 90' lang='lat' dir='ltr'><strong>timore</strong></span> <span class='ocrx_word' id='word_1_35' title='bbox 935 765 1108 848; x_wconf 80' lang='lat' dir='ltr'><strong>perterriti,</strong></span> <span class='ocrx_word' id='word_1_36' title='bbox 1126 787 1167 829; x_wconf 94' lang='lat' dir='ltr'><strong>ne</strong></span> <span class='ocrx_word' id='word_1_37' title='bbox 1187 765 1285 830; x_wconf 87' lang='lat' dir='ltr'><strong>armis</strong></span> <span class='ocrx_word' id='word_1_38' title='bbox 1369 765 1370 778; x_wconf 56' lang='lat'>¹</span> 
     </span>
     <span class='ocr_line' id='line_1_7' title="bbox 275 851 1286 938; baseline -0.001 -21"><span class='ocrx_word' id='word_1_39' title='bbox 275 853 404 918; x_wconf 86' lang='lat' dir='ltr'><strong>traditis</strong></span> <span class='ocrx_word' id='word_1_40' title='bbox 428 852 588 938; x_wconf 89' lang='lat' dir='ltr'><strong>supplicio</strong></span> <span class='ocrx_word' id='word_1_41' title='bbox 611 851 826 936; x_wconf 88' lang='lat' dir='ltr'><strong>afficerentur,</strong></span> <span class='ocrx_word' id='word_1_42' title='bbox 849 853 917 918; x_wconf 84' lang='lat' dir='ltr'><strong>sive</strong></span> <span class='ocrx_word' id='word_1_43' title='bbox 937 872 996 937; x_wconf 77' lang='lat' dir='ltr'><strong>&#39;spe</strong></span> <span class='ocrx_word' id='word_1_44' title='bbox 1018 853 1135 918; x_wconf 89' lang='lat' dir='ltr'><strong>salutis</strong></span> <span class='ocrx_word' id='word_1_45' title='bbox 1152 853 1286 936; x_wconf 89' lang='lat' dir='ltr'><strong>inducti,</strong></span> 
     </span>
     <span class='ocr_line' id='line_1_8' title="bbox 277 939 1287 1028; baseline 0 -22"><span class='ocrx_word' id='word_1_46' title='bbox 277 941 362 1026; x_wconf 91' lang='lat' dir='ltr'><strong>quod</strong></span> <span class='ocrx_word' id='word_1_47' title='bbox 389 941 423 1005; x_wconf 92' lang='lat' dir='ltr'><strong>in</strong></span> <span class='ocrx_word' id='word_1_48' title='bbox 449 946 543 1006; x_wconf 84' lang='lat' dir='ltr'><strong>tanta</strong></span> <span class='ocrx_word' id='word_1_49' title='bbox 569 940 776 1028; x_wconf 87' lang='lat' dir='ltr'><strong>multitudine</strong></span> <span class='ocrx_word' id='word_1_50' title='bbox 803 939 1026 1006; x_wconf 79' lang='lat' dir='ltr'><strong>dediticiorum</strong></span> <span class='ocrx_word' id='word_1_51' title='bbox 1052 963 1145 1007; x_wconf 84' lang='lat' dir='ltr'><strong>suam</strong></span> <span class='ocrx_word' id='word_1_52' title='bbox 1172 941 1287 1028; x_wconf 83' lang='lat' dir='ltr'><strong>fugam</strong></span> 
     </span>
     <span class='ocr_line' id='line_1_9' title="bbox 276 1027 1287 1114; baseline 0 -20"><span class='ocrx_word' id='word_1_53' title='bbox 276 1034 334 1094; x_wconf 89' lang='lat' dir='ltr'><strong>aut</strong></span> <span class='ocrx_word' id='word_1_54' title='bbox 356 1029 513 1094; x_wconf 85' lang='lat' dir='ltr'><strong>occultari</strong></span> <span class='ocrx_word' id='word_1_55' title='bbox 536 1034 592 1094; x_wconf 90' lang='lat' dir='ltr'><strong>aut</strong></span> <span class='ocrx_word' id='word_1_56' title='bbox 614 1029 747 1094; x_wconf 91' lang='lat' dir='ltr'><strong>omnino</strong></span> <span class='ocrx_word' id='word_1_57' title='bbox 769 1027 915 1114; x_wconf 88' lang='lat' dir='ltr'><strong>ignorari</strong></span> <span class='ocrx_word' id='word_1_58' title='bbox 936 1049 1032 1112; x_wconf 91' lang='lat' dir='ltr'><strong>posse</strong></span> <span class='ocrx_word' id='word_1_59' title='bbox 1055 1029 1287 1114; x_wconf 75' lang='lat' dir='ltr'><strong>existimarent,</strong></span> 
     </span>
     <span class='ocr_line' id='line_1_10' title="bbox 276 1115 1287 1203; baseline 0.003 -22"><span class='ocrx_word' id='word_1_60' title='bbox 276 1118 381 1202; x_wconf 90' lang='lat' dir='ltr'><strong>prima</strong></span> <span class='ocrx_word' id='word_1_61' title='bbox 399 1123 494 1182; x_wconf 91' lang='lat' dir='ltr'><strong>nocte</strong></span> <span class='ocrx_word' id='word_1_62' title='bbox 518 1139 535 1180; x_wconf 91' lang='lat' dir='ltr'><strong>e</strong></span> <span class='ocrx_word' id='word_1_63' title='bbox 557 1115 673 1182; x_wconf 80' lang='lat' dir='ltr'><strong>castris</strong></span> <span class='ocrx_word' id='word_1_64' title='bbox 691 1115 918 1181; x_wconf 88' lang='lat' dir='ltr'><strong>Helvetiorum</strong></span> <span class='ocrx_word' id='word_1_65' title='bbox 937 1117 1059 1203; x_wconf 81' lang='lat' dir='ltr'><strong>egressi</strong></span> <span class='ocrx_word' id='word_1_66' title='bbox 1077 1118 1118 1184; x_wconf 89' lang='lat' dir='ltr'><strong>ad</strong></span> <span class='ocrx_word' id='word_1_67' title='bbox 1136 1118 1287 1184; x_wconf 84' lang='lat' dir='ltr'><strong>Rhenum</strong></span> 
     </span>
     <span class='ocr_line' id='line_1_11' title="bbox 277 1203 946 1288; baseline 0.003 -20"><span class='ocrx_word' id='word_1_68' title='bbox 277 1206 419 1288; x_wconf 83' lang='lat' dir='ltr'><strong>finesque</strong></span> <span class='ocrx_word' id='word_1_69' title='bbox 444 1204 680 1270; x_wconf 87' lang='lat' dir='ltr'><strong>Germanorum</strong></span> <span class='ocrx_word' id='word_1_70' title='bbox 703 1203 946 1270; x_wconf 87' lang='lat' dir='ltr'><strong>contenderunt.</strong></span> 
     </span>
    </p>

    <p class='ocr_par' dir='ltr' id='par_1_4' title="bbox 243 1290 1287 1465">
     <span class='ocr_line' id='line_1_12' title="bbox 243 1290 1287 1378; baseline 0.004 -22"><span class='ocrx_word' id='word_1_71' title='bbox 243 1309 256 1356; x_wconf 93' lang='lat'>1</span> <span class='ocrx_word' id='word_1_72' title='bbox 365 1291 515 1358; x_wconf 89' lang='lat' dir='ltr'>XXVHI.</span> <span class='ocrx_word' id='word_1_73' title='bbox 556 1291 649 1368; x_wconf 82' lang='lat' dir='ltr'><strong>Quod</strong></span> <span class='ocrx_word' id='word_1_74' title='bbox 679 1292 737 1357; x_wconf 91' lang='lat' dir='ltr'><strong>nbi</strong></span> <span class='ocrx_word' id='word_1_75' title='bbox 768 1290 888 1358; x_wconf 86' lang='lat' dir='ltr'><strong>Caesar</strong></span> <span class='ocrx_word' id='word_1_76' title='bbox 913 1291 1037 1376; x_wconf 87' lang='lat' dir='ltr'><strong>resciit,</strong></span> <span class='ocrx_word' id='word_1_77' title='bbox 1066 1314 1201 1376; x_wconf 86' lang='lat' dir='ltr'><strong>quorum</strong></span> <span class='ocrx_word' id='word_1_78' title='bbox 1228 1317 1287 1378; x_wconf 89' lang='lat' dir='ltr'><strong>per</strong></span> 
     </span>
     <span class='ocr_line' id='line_1_13' title="bbox 277 1379 1287 1465; baseline 0.003 -20"><span class='ocrx_word' id='word_1_79' title='bbox 277 1381 357 1446; x_wconf 86' lang='lat' dir='ltr'><strong>fines</strong></span> <span class='ocrx_word' id='word_1_80' title='bbox 389 1380 508 1465; x_wconf 86' lang='lat' dir='ltr'><strong>ierant,</strong></span> <span class='ocrx_word' id='word_1_81' title='bbox 540 1379 605 1465; x_wconf 84' lang='lat' dir='ltr'><strong>his,</strong></span> <span class='ocrx_word' id='word_1_82' title='bbox 638 1381 687 1444; x_wconf 92' lang='lat' dir='ltr'><strong>uti</strong></span> <span class='ocrx_word' id='word_1_83' title='bbox 713 1379 941 1465; x_wconf 81' lang='lat' dir='ltr'><strong>conquirerent</strong></span> <span class='ocrx_word' id='word_1_84' title='bbox 968 1384 1001 1445; x_wconf 92' lang='lat' dir='ltr'><strong>et</strong></span> <span class='ocrx_word' id='word_1_85' title='bbox 1028 1381 1228 1464; x_wconf 90' lang='lat' dir='ltr'><strong>reducerent,</strong></span> <span class='ocrx_word' id='word_1_86' title='bbox 1258 1384 1287 1448; x_wconf 91' lang='lat' dir='ltr'><strong>si</strong></span> 
     </span>
    </p>

    <p class='ocr_par' dir='ltr' id='par_1_5' title="bbox 242 1467 1287 1643">
     <span class='ocr_line' id='line_1_14' title="bbox 242 1467 1285 1554; baseline 0.004 -22"><span class='ocrx_word' id='word_1_87' title='bbox 242 1485 258 1532; x_wconf 79' lang='lat' dir='ltr'><strong>a</strong></span> <span class='ocrx_word' id='word_1_88' title='bbox 278 1468 342 1534; x_wconf 92' lang='lat' dir='ltr'><strong>sibi</strong></span> <span class='ocrx_word' id='word_1_89' title='bbox 355 1468 489 1554; x_wconf 88' lang='lat' dir='ltr'><strong>purgati</strong></span> <span class='ocrx_word' id='word_1_90' title='bbox 504 1490 572 1534; x_wconf 90' lang='lat' dir='ltr'><strong>esse</strong></span> <span class='ocrx_word' id='word_1_91' title='bbox 587 1469 717 1552; x_wconf 86' lang='lat' dir='ltr'><strong>vellent,</strong></span> <span class='ocrx_word' id='word_1_92' title='bbox 731 1467 917 1552; x_wconf 82' lang='lat' dir='ltr'><strong>imperavit:</strong></span> <span class='ocrx_word' id='word_1_93' title='bbox 931 1468 1081 1535; x_wconf 88' lang='lat' dir='ltr'><strong>reductos</strong></span> <span class='ocrx_word' id='word_1_94' title='bbox 1095 1469 1130 1534; x_wconf 94' lang='lat' dir='ltr'><strong>in</strong></span> <span class='ocrx_word' id='word_1_95' title='bbox 1142 1469 1285 1536; x_wconf 89' lang='lat' dir='ltr'><strong>bostium</strong></span> 
     </span>
     <span class='ocr_line' id='line_1_15' title="bbox 276 1556 1287 1643; baseline 0.001 -21"><span class='ocrx_word' id='word_1_96' title='bbox 276 1579 411 1622; x_wconf 89' lang='lat' dir='ltr'><strong>numero</strong></span> <span class='ocrx_word' id='word_1_97' title='bbox 433 1556 561 1640; x_wconf 81' lang='lat' dir='ltr'><strong>habuit3</strong></span> <span class='ocrx_word' id='word_1_98' title='bbox 584 1557 728 1641; x_wconf 85' lang='lat' dir='ltr'><strong>reliquos</strong></span> <span class='ocrx_word' id='word_1_99' title='bbox 752 1577 863 1623; x_wconf 92' lang='lat' dir='ltr'><strong>omnes</strong></span> <span class='ocrx_word' id='word_1_100' title='bbox 887 1557 1063 1642; x_wconf 90' lang='lat' dir='ltr'><strong>obsidibus,</strong></span> <span class='ocrx_word' id='word_1_101' title='bbox 1086 1557 1195 1642; x_wconf 85' lang='lat' dir='ltr'><strong>armis,</strong></span> <span class='ocrx_word' id='word_1_102' title='bbox 1217 1581 1287 1643; x_wconf 87' lang='lat' dir='ltr'><strong>per·</strong></span> 
     </span>
    </p>

    <p class='ocr_par' dir='ltr' id='par_1_6' title="bbox 242 1644 1286 1731">
     <span class='ocr_line' id='line_1_16' title="bbox 242 1644 1286 1731; baseline 0.002 -22"><span class='ocrx_word' id='word_1_103' title='bbox 242 1661 258 1709; x_wconf 78' lang='lat' dir='ltr'><strong>o</strong></span> <span class='ocrx_word' id='word_1_104' title='bbox 277 1644 365 1730; x_wconf 82' lang='lat' dir='ltr'><strong>fugis</strong></span> <span class='ocrx_word' id='word_1_105' title='bbox 379 1645 510 1710; x_wconf 86' lang='lat' dir='ltr'><strong>traditis</strong></span> <span class='ocrx_word' id='word_1_106' title='bbox 524 1645 559 1709; x_wconf 93' lang='lat' dir='ltr'><strong>in</strong></span> <span class='ocrx_word' id='word_1_107' title='bbox 572 1644 767 1710; x_wconf 87' lang='lat' dir='ltr'><strong>deditionem</strong></span> <span class='ocrx_word' id='word_1_108' title='bbox 778 1645 909 1731; x_wconf 83' lang='lat' dir='ltr'><strong>accepit.</strong></span> <span class='ocrx_word' id='word_1_109' title='bbox 932 1644 1110 1728; x_wconf 88' lang='lat' dir='ltr'><strong>Helvetios,</strong></span> <span class='ocrx_word' id='word_1_110' title='bbox 1120 1645 1286 1731; x_wconf 86' lang='lat' dir='ltr'><strong>Tulingos,</strong></span> 
     </span>
    </p>

    <p class='ocr_par' dir='ltr' id='par_1_7' title="bbox 256 1733 1287 2083">
     <span class='ocr_line' id='line_1_17' title="bbox 256 1733 1287 1818; baseline 0 -20"><span class='ocrx_word' id='word_1_111' title='bbox 256 1733 450 1800; x_wconf 86' lang='lat' dir='ltr'><strong>-Latovicos</strong></span> <span class='ocrx_word' id='word_1_112' title='bbox 480 1734 515 1799; x_wconf 92' lang='lat' dir='ltr'><strong>in</strong></span> <span class='ocrx_word' id='word_1_113' title='bbox 542 1733 623 1798; x_wconf 88' lang='lat' dir='ltr'><strong>fines</strong></span> <span class='ocrx_word' id='word_1_114' title='bbox 649 1755 740 1817; x_wconf 90' lang='lat' dir='ltr'><strong>suos,</strong></span> <span class='ocrx_word' id='word_1_115' title='bbox 767 1733 851 1798; x_wconf 89' lang='lat' dir='ltr'><strong>unde</strong></span> <span class='ocrx_word' id='word_1_116' title='bbox 878 1737 973 1798; x_wconf 89' lang='lat' dir='ltr'><strong>erant</strong></span> <span class='ocrx_word' id='word_1_117' title='bbox 995 1733 1145 1818; x_wconf 84' lang='lat' dir='ltr'><strong>profecti,</strong></span> <span class='ocrx_word' id='word_1_118' title='bbox 1168 1737 1287 1799; x_wconf 87' lang='lat' dir='ltr'><strong>reverti</strong></span> 
     </span>
     <span class='ocr_line' id='line_1_18' title="bbox 276 1820 1287 1908; baseline 0.001 -22"><span class='ocrx_word' id='word_1_119' title='bbox 276 1821 372 1886; x_wconf 89' lang='lat' dir='ltr'><strong>iussit</strong></span> <span class='ocrx_word' id='word_1_120' title='bbox 399 1826 445 1904; x_wconf 91' lang='lat' dir='ltr'><strong>et,</strong></span> <span class='ocrx_word' id='word_1_121' title='bbox 473 1821 560 1906; x_wconf 92' lang='lat' dir='ltr'><strong>quod</strong></span> <span class='ocrx_word' id='word_1_122' title='bbox 587 1821 737 1886; x_wconf 89' lang='lat' dir='ltr'><strong>omnibns</strong></span> <span class='ocrx_word' id='word_1_123' title='bbox 763 1820 913 1908; x_wconf 82' lang='lat' dir='ltr'><strong>frugibus</strong></span> <span class='ocrx_word' id='word_1_124' title='bbox 942 1821 1070 1886; x_wconf 88' lang='lat' dir='ltr'><strong>amissis</strong></span> <span class='ocrx_word' id='word_1_125' title='bbox 1094 1822 1182 1887; x_wconf 91' lang='lat' dir='ltr'><strong>domi</strong></span> <span class='ocrx_word' id='word_1_126' title='bbox 1203 1822 1287 1887; x_wconf 81' lang='lat' dir='ltr'><strong>nihil</strong></span> 
     </span>
     <span class='ocr_line' id='line_1_19' title="bbox 278 1909 1286 1996; baseline 0.001 -22"><span class='ocrx_word' id='word_1_127' title='bbox 278 1914 362 1993; x_wconf 85' lang='lat' dir='ltr'><strong>erat,</strong></span> <span class='ocrx_word' id='word_1_128' title='bbox 389 1932 453 1994; x_wconf 88' lang='lat' dir='ltr'><strong>quo</strong></span> <span class='ocrx_word' id='word_1_129' title='bbox 482 1912 601 1975; x_wconf 89' lang='lat' dir='ltr'><strong>famem</strong></span> <span class='ocrx_word' id='word_1_130' title='bbox 627 1909 820 1993; x_wconf 88' lang='lat' dir='ltr'><strong>tolerarent,</strong></span> <span class='ocrx_word' id='word_1_131' title='bbox 848 1909 1082 1996; x_wconf 80' lang='lat' dir='ltr'><strong>Allobrogibus</strong></span> <span class='ocrx_word' id='word_1_132' title='bbox 1105 1909 1286 1996; x_wconf 85' lang='lat' dir='ltr'><strong>imperavit,</strong></span> 
     </span>
     <span class='ocr_line' id='line_1_20' title="bbox 277 1997 1286 2083; baseline 0.002 -21"><span class='ocrx_word' id='word_1_133' title='bbox 277 2001 314 2062; x_wconf 90' lang='lat' dir='ltr'><strong>ut</strong></span> <span class='ocrx_word' id='word_1_134' title='bbox 328 1997 369 2062; x_wconf 90' lang='lat' dir='ltr'><strong>iis</strong></span> <span class='ocrx_word' id='word_1_135' title='bbox 386 1997 542 2063; x_wconf 84' lang='lat' dir='ltr'><strong>frumenti</strong></span> <span class='ocrx_word' id='word_1_136' title='bbox 560 2002 687 2080; x_wconf 88' lang='lat' dir='ltr'><strong>copiam</strong></span> <span class='ocrx_word' id='word_1_137' title='bbox 705 1997 862 2081; x_wconf 83' lang='lat' dir='ltr'><strong>facerent3</strong></span> <span class='ocrx_word' id='word_1_138' title='bbox 880 1997 970 2082; x_wconf 81' lang='lat' dir='ltr'><strong>ipsos</strong></span> <span class='ocrx_word' id='word_1_139' title='bbox 990 1997 1110 2082; x_wconf 86' lang='lat' dir='ltr'><strong>oppida</strong></span> <span class='ocrx_word' id='word_1_140' title='bbox 1127 1999 1286 2083; x_wconf 89' lang='lat' dir='ltr'><strong>vicosque,</strong></span> 
     </span>
    </p>

    <p class='ocr_par' dir='ltr' id='par_1_8' title="bbox 242 2085 1288 2506">
     <span class='ocr_line' id='line_1_21' title="bbox 242 2085 1286 2170; baseline 0.004 -22"><span class='ocrx_word' id='word_1_141' title='bbox 242 2099 359 2170; x_wconf 65' lang='lat' dir='ltr'><strong>equos</strong></span> <span class='ocrx_word' id='word_1_142' title='bbox 391 2085 612 2168; x_wconf 85' lang='lat' dir='ltr'><strong>incenderant,</strong></span> <span class='ocrx_word' id='word_1_143' title='bbox 645 2085 816 2150; x_wconf 88' lang='lat' dir='ltr'><strong>restituere</strong></span> <span class='ocrx_word' id='word_1_144' title='bbox 847 2086 951 2150; x_wconf 90' lang='lat' dir='ltr'><strong>iussit.</strong></span> <span class='ocrx_word' id='word_1_145' title='bbox 1006 2085 1044 2151; x_wconf 93' lang='lat' dir='ltr'><strong>Id</strong></span> <span class='ocrx_word' id='word_1_146' title='bbox 1077 2108 1116 2152; x_wconf 87' lang='lat' dir='ltr'><strong>ea</strong></span> <span class='ocrx_word' id='word_1_147' title='bbox 1147 2087 1286 2153; x_wconf 84' lang='lat' dir='ltr'><strong>maxime</strong></span> 
     </span>
     <span class='ocr_line' id='line_1_22' title="bbox 277 2172 1288 2258; baseline 0.003 -21"><span class='ocrx_word' id='word_1_148' title='bbox 277 2173 404 2238; x_wconf 90' lang='lat' dir='ltr'><strong>ratione</strong></span> <span class='ocrx_word' id='word_1_149' title='bbox 434 2172 525 2258; x_wconf 89' lang='lat' dir='ltr'><strong>fecit,</strong></span> <span class='ocrx_word' id='word_1_150' title='bbox 556 2173 643 2257; x_wconf 89' lang='lat' dir='ltr'><strong>quod</strong></span> <span class='ocrx_word' id='word_1_151' title='bbox 671 2173 779 2238; x_wconf 92' lang='lat' dir='ltr'><strong>noluit</strong></span> <span class='ocrx_word' id='word_1_152' title='bbox 801 2195 875 2239; x_wconf 90' lang='lat' dir='ltr'><strong>eum</strong></span> <span class='ocrx_word' id='word_1_153' title='bbox 897 2174 1015 2258; x_wconf 90' lang='lat' dir='ltr'><strong>locum,</strong></span> <span class='ocrx_word' id='word_1_154' title='bbox 1037 2173 1121 2240; x_wconf 89' lang='lat' dir='ltr'><strong>unde</strong></span> <span class='ocrx_word' id='word_1_155' title='bbox 1143 2174 1288 2240; x_wconf 88' lang='lat' dir='ltr'><strong>Helvetii</strong></span> 
     </span>
     <span class='ocr_line' id='line_1_23' title="bbox 278 2261 1287 2349; baseline 0.004 -24"><span class='ocrx_word' id='word_1_156' title='bbox 278 2261 504 2345; x_wconf 87' lang='lat' dir='ltr'><strong>discesserant,</strong></span> <span class='ocrx_word' id='word_1_157' title='bbox 535 2283 659 2345; x_wconf 86' lang='lat' dir='ltr'><strong>vacare,</strong></span> <span class='ocrx_word' id='word_1_158' title='bbox 689 2283 731 2326; x_wconf 91' lang='lat' dir='ltr'><strong>ne</strong></span> <span class='ocrx_word' id='word_1_159' title='bbox 762 2265 897 2347; x_wconf 88' lang='lat' dir='ltr'><strong>propter</strong></span> <span class='ocrx_word' id='word_1_160' title='bbox 927 2263 1107 2328; x_wconf 78' lang='lat' dir='ltr'><strong>bonitatem</strong></span> <span class='ocrx_word' id='word_1_161' title='bbox 1133 2284 1287 2349; x_wconf 87' lang='lat' dir='ltr'><strong>agrorum</strong></span> 
     </span>
     <span class='ocr_line' id='line_1_24' title="bbox 278 2347 1286 2435; baseline 0.003 -21"><span class='ocrx_word' id='word_1_162' title='bbox 278 2347 445 2433; x_wconf 79' lang='lat' dir='ltr'><strong>Germani,</strong></span> <span class='ocrx_word' id='word_1_163' title='bbox 473 2350 529 2433; x_wconf 90' lang='lat' dir='ltr'><strong>qui</strong></span> <span class='ocrx_word' id='word_1_164' title='bbox 555 2353 646 2414; x_wconf 87' lang='lat' dir='ltr'><strong>trans</strong></span> <span class='ocrx_word' id='word_1_165' title='bbox 674 2349 824 2414; x_wconf 86' lang='lat' dir='ltr'><strong>Rhenum</strong></span> <span class='ocrx_word' id='word_1_166' title='bbox 851 2349 1012 2435; x_wconf 89' lang='lat' dir='ltr'><strong>incolunt,</strong></span> <span class='ocrx_word' id='word_1_167' title='bbox 1038 2373 1055 2415; x_wconf 89' lang='lat' dir='ltr'><strong>e</strong></span> <span class='ocrx_word' id='word_1_168' title='bbox 1079 2351 1144 2417; x_wconf 90' lang='lat' dir='ltr'><strong>suis</strong></span> <span class='ocrx_word' id='word_1_169' title='bbox 1168 2352 1286 2418; x_wconf 86' lang='lat' dir='ltr'><strong>finibus</strong></span> 
     </span>
     <span class='ocr_line' id='line_1_25' title="bbox 278 2436 1287 2506; baseline 0.004 -4"><span class='ocrx_word' id='word_1_170' title='bbox 278 2438 313 2502; x_wconf 91' lang='lat' dir='ltr'><strong>in</strong></span> <span class='ocrx_word' id='word_1_171' title='bbox 345 2436 571 2502; x_wconf 80' lang='lat' dir='ltr'><strong>Helvetiorum</strong></span> <span class='ocrx_word' id='word_1_172' title='bbox 603 2437 683 2502; x_wconf 88' lang='lat' dir='ltr'><strong>fines</strong></span> <span class='ocrx_word' id='word_1_173' title='bbox 715 2437 895 2503; x_wconf 78' lang='lat' dir='ltr'><strong>transirent</strong></span> <span class='ocrx_word' id='word_1_174' title='bbox 930 2441 963 2503; x_wconf 90' lang='lat' dir='ltr'><strong>et</strong></span> <span class='ocrx_word' id='word_1_175' title='bbox 995 2438 1125 2504; x_wconf 88' lang='lat' dir='ltr'><strong>finitimi</strong></span> <span class='ocrx_word' id='word_1_176' title='bbox 1161 2439 1287 2506; x_wconf 87' lang='lat' dir='ltr'><strong>Galliae</strong></span> 
     </span>
    </p>

    <p class='ocr_par' dir='ltr' id='par_1_9' title="bbox 243 2525 1286 2678">
     <span class='ocr_line' id='line_1_26' title="bbox 243 2525 1286 2678; baseline 0.006 -90"><span class='ocrx_word' id='word_1_177' title='bbox 243 2525 464 2678; x_wconf 54' lang='lat' dir='ltr'><strong>spupivinciae</strong></span> <span class='ocrx_word' id='word_1_178' title='bbox 487 2525 795 2678; x_wconf 48' lang='lat' dir='ltr'><strong>{lwbmgibus-qiet</strong></span> <span class='ocrx_word' id='word_1_179' title='bbox 812 2529 930 2678; x_wconf 44' lang='lat' dir='ltr'><strong>essenti</strong></span> <span class='ocrx_word' id='word_1_180' title='bbox 973 2526 1074 2678; x_wconf 56' lang='grc' dir='ltr'><strong>Βοίρέ</strong></span> <span class='ocrx_word' id='word_1_181' title='bbox 1100 2529 1286 2630; x_wconf 76' lang='lat' dir='ltr'><strong>petentibus</strong></span> 
     </span>
    </p>

    <p class='ocr_par' dir='ltr' id='par_1_10' title="bbox 277 2617 1286 2963">
     <span class='ocr_line' id='line_1_27' title="bbox 277 2617 1286 2786; baseline 0 -20"><span class='ocrx_word' id='word_1_182' title='bbox 277 2636 338 2766; x_wconf 66' lang='lat' dir='ltr'><strong>bris</strong></span> <span class='ocrx_word' id='word_1_183' title='bbox 348 2634 672 2782; x_wconf 42' lang='lat' dir='ltr'><strong>uppisqppssozgrreeglrta&#39;</strong></span> <span class='ocrx_word' id='word_1_184' title='bbox 693 2635 1036 2786; x_wconf 41' lang='lat' dir='ltr'><strong>bldnbedsithmbnibngsn</strong></span> <span class='ocrx_word' id='word_1_185' title='bbox 1037 2637 1093 2766; x_wconf 82' lang='lat' dir='ltr'><strong>illi</strong></span> <span class='ocrx_word' id='word_1_186' title='bbox 1109 2617 1286 2783; x_wconf 44' lang='lat' dir='ltr'><strong>bigidlsfidd-</strong></span> 
     </span>
     <span class='ocr_line' id='line_1_28' title="bbox 278 2789 1285 2874; baseline -0.001 -20"><span class='ocrx_word' id='word_1_187' title='bbox 278 2789 396 2854; x_wconf 89' lang='lat' dir='ltr'><strong>derunt</strong></span> <span class='ocrx_word' id='word_1_188' title='bbox 427 2811 572 2874; x_wconf 87' lang='lat' dir='ltr'><strong>quosque</strong></span> <span class='ocrx_word' id='word_1_189' title='bbox 603 2793 717 2874; x_wconf 85' lang='lat' dir='ltr'><strong>postea</strong></span> <span class='ocrx_word' id='word_1_190' title='bbox 748 2789 782 2854; x_wconf 92' lang='lat' dir='ltr'><strong>in</strong></span> <span class='ocrx_word' id='word_1_191' title='bbox 813 2811 927 2874; x_wconf 89' lang='lat' dir='ltr'><strong>parem</strong></span> <span class='ocrx_word' id='word_1_192' title='bbox 954 2789 1033 2855; x_wconf 91' lang='lat' dir='ltr'><strong>iuris</strong></span> <span class='ocrx_word' id='word_1_193' title='bbox 1062 2789 1285 2874; x_wconf 86' lang='lat' dir='ltr'><strong>libertatisque</strong></span> 
     </span>
     <span class='ocr_line' id='line_1_29' title="bbox 279 2876 1061 2963; baseline -0.001 -20"><span class='ocrx_word' id='word_1_194' title='bbox 279 2876 509 2957; x_wconf 86' lang='lat' dir='ltr'><strong>condicionem,</strong></span> <span class='ocrx_word' id='word_1_195' title='bbox 532 2881 629 2962; x_wconf 90' lang='lat' dir='ltr'><strong>atque</strong></span> <span class='ocrx_word' id='word_1_196' title='bbox 652 2877 716 2962; x_wconf 92' lang='lat' dir='ltr'><strong>ipsi</strong></span> <span class='ocrx_word' id='word_1_197' title='bbox 739 2881 841 2960; x_wconf 87' lang='lat' dir='ltr'><strong>erant,</strong></span> <span class='ocrx_word' id='word_1_198' title='bbox 863 2880 1061 2963; x_wconf 90' lang='lat' dir='ltr'><strong>receperunt.</strong></span> 
     </span>
    </p>

    <p class='ocr_par' dir='ltr' id='par_1_11' title="bbox 243 2964 1289 3314">
     <span class='ocr_line' id='line_1_30' title="bbox 243 2964 1287 3049; baseline 0.006 -23"><span class='ocrx_word' id='word_1_199' title='bbox 243 2979 257 3026; x_wconf 89' lang='lat'>1</span> <span class='ocrx_word' id='word_1_200' title='bbox 365 2964 532 3030; x_wconf 85' lang='lat' dir='ltr'>XXVIIII.</span> <span class='ocrx_word' id='word_1_201' title='bbox 554 2965 593 3030; x_wconf 92' lang='lat' dir='ltr'><strong>In</strong></span> <span class='ocrx_word' id='word_1_202' title='bbox 611 2966 726 3030; x_wconf 90' lang='lat' dir='ltr'><strong>castris</strong></span> <span class='ocrx_word' id='word_1_203' title='bbox 745 2965 968 3031; x_wconf 86' lang='lat' dir='ltr'><strong>Helvetiorum</strong></span> <span class='ocrx_word' id='word_1_204' title='bbox 987 2965 1118 3031; x_wconf 86' lang='lat' dir='ltr'><strong>tabulae</strong></span> <span class='ocrx_word' id='word_1_205' title='bbox 1140 2969 1287 3049; x_wconf 89' lang='lat' dir='ltr'><strong>repertae</strong></span> 
     </span>
     <span class='ocr_line' id='line_1_31' title="bbox 278 3053 1287 3138; baseline 0.002 -20"><span class='ocrx_word' id='word_1_206' title='bbox 278 3057 355 3118; x_wconf 89' lang='lat' dir='ltr'><strong>sunt</strong></span> <span class='ocrx_word' id='word_1_207' title='bbox 373 3053 494 3118; x_wconf 88' lang='lat' dir='ltr'><strong>litteris</strong></span> <span class='ocrx_word' id='word_1_208' title='bbox 514 3053 646 3120; x_wconf 86' lang='lat' dir='ltr'><strong>Graecis</strong></span> <span class='ocrx_word' id='word_1_209' title='bbox 669 3053 834 3119; x_wconf 84' lang='lat' dir='ltr'><strong>confectae</strong></span> <span class='ocrx_word' id='word_1_210' title='bbox 852 3056 886 3118; x_wconf 89' lang='lat' dir='ltr'><strong>et</strong></span> <span class='ocrx_word' id='word_1_211' title='bbox 905 3054 946 3119; x_wconf 89' lang='lat' dir='ltr'><strong>ad</strong></span> <span class='ocrx_word' id='word_1_212' title='bbox 965 3053 1137 3120; x_wconf 86' lang='lat' dir='ltr'><strong>Caesarem</strong></span> <span class='ocrx_word' id='word_1_213' title='bbox 1155 3054 1287 3138; x_wconf 75' lang='lat' dir='ltr'><strong>relatae,</strong></span> 
     </span>
     <span class='ocr_line' id='line_1_32' title="bbox 279 3141 1289 3227; baseline 0.001 -21"><span class='ocrx_word' id='word_1_214' title='bbox 279 3141 395 3226; x_wconf 87' lang='lat' dir='ltr'><strong>quibus</strong></span> <span class='ocrx_word' id='word_1_215' title='bbox 423 3141 458 3206; x_wconf 91' lang='lat' dir='ltr'><strong>in</strong></span> <span class='ocrx_word' id='word_1_216' title='bbox 487 3141 606 3206; x_wconf 85' lang='lat' dir='ltr'><strong>tabulis</strong></span> <span class='ocrx_word' id='word_1_217' title='bbox 629 3141 823 3206; x_wconf 88' lang='lat' dir='ltr'><strong>nominatim</strong></span> <span class='ocrx_word' id='word_1_218' title='bbox 848 3141 932 3206; x_wconf 88' lang='lat' dir='ltr'><strong>ratio</strong></span> <span class='ocrx_word' id='word_1_219' title='bbox 955 3141 1103 3208; x_wconf 83' lang='lat' dir='ltr'><strong>confecta</strong></span> <span class='ocrx_word' id='word_1_220' title='bbox 1126 3145 1210 3227; x_wconf 89' lang='lat' dir='ltr'><strong>erat,</strong></span> <span class='ocrx_word' id='word_1_221' title='bbox 1233 3143 1289 3227; x_wconf 91' lang='lat' dir='ltr'><strong>qui</strong></span> 
     </span>
     <span class='ocr_line' id='line_1_33' title="bbox 277 3228 1288 3314; baseline -0.002 -19"><span class='ocrx_word' id='word_1_222' title='bbox 277 3251 431 3295; x_wconf 87' lang='lat' dir='ltr'><strong>numerus</strong></span> <span class='ocrx_word' id='word_1_223' title='bbox 455 3229 551 3294; x_wconf 90' lang='lat' dir='ltr'><strong>domo</strong></span> <span class='ocrx_word' id='word_1_224' title='bbox 575 3229 695 3294; x_wconf 88' lang='lat' dir='ltr'><strong>exisset</strong></span> <span class='ocrx_word' id='word_1_225' title='bbox 717 3239 837 3314; x_wconf 85' lang='lat' dir='ltr'><strong>eorum,</strong></span> <span class='ocrx_word' id='word_1_226' title='bbox 861 3229 916 3314; x_wconf 88' lang='lat' dir='ltr'><strong>qui</strong></span> <span class='ocrx_word' id='word_1_227' title='bbox 935 3252 1025 3296; x_wconf 83' lang='lat' dir='ltr'><strong>arma</strong></span> <span class='ocrx_word' id='word_1_228' title='bbox 1042 3228 1128 3294; x_wconf 86' lang='lat' dir='ltr'><strong>ferre</strong></span> <span class='ocrx_word' id='word_1_229' title='bbox 1147 3233 1288 3314; x_wconf 88' lang='lat' dir='ltr'><strong>possent,</strong></span> 
     </span>
    </p>

    <p class='ocr_par' dir='ltr' id='par_1_12' title="bbox 242 3317 1290 3579">
     <span class='ocr_line' id='line_1_34' title="bbox 242 3317 1289 3403; baseline 0.001 -21"><span class='ocrx_word' id='word_1_230' title='bbox 242 3322 312 3384; x_wconf 72' lang='lat' dir='ltr'><strong>aet</strong></span> <span class='ocrx_word' id='word_1_231' title='bbox 334 3318 413 3382; x_wconf 88' lang='lat' dir='ltr'><strong>item</strong></span> <span class='ocrx_word' id='word_1_232' title='bbox 437 3318 613 3401; x_wconf 86' lang='lat' dir='ltr'><strong>separatim</strong></span> <span class='ocrx_word' id='word_1_233' title='bbox 636 3317 738 3403; x_wconf 88' lang='lat' dir='ltr'><strong>pueri,</strong></span> <span class='ocrx_word' id='word_1_234' title='bbox 761 3339 852 3382; x_wconf 90' lang='lat' dir='ltr'><strong>senes</strong></span> <span class='ocrx_word' id='word_1_235' title='bbox 876 3318 1101 3402; x_wconf 87' lang='lat' dir='ltr'><strong>mulieresque.</strong></span> <span class='ocrx_word' id='word_1_236' title='bbox 1146 3317 1289 3393; x_wconf 83' lang='lat' dir='ltr'><strong>Quarum</strong></span> 
     </span>
     <span class='ocr_line' id='line_1_35' title="bbox 279 3405 1288 3489; baseline -0.001 -17"><span class='ocrx_word' id='word_1_237' title='bbox 279 3406 423 3472; x_wconf 91' lang='lat' dir='ltr'><strong>omnium</strong></span> <span class='ocrx_word' id='word_1_238' title='bbox 459 3426 566 3470; x_wconf 91' lang='lat' dir='ltr'><strong>rernm</strong></span> <span class='ocrx_word' id='word_1_239' title='bbox 604 3427 731 3471; x_wconf 88' lang='lat' dir='ltr'><strong>summa</strong></span> <span class='ocrx_word' id='word_1_240' title='bbox 768 3409 838 3470; x_wconf 90' lang='lat' dir='ltr'><strong>erat</strong></span> <span class='ocrx_word' id='word_1_241' title='bbox 869 3407 1026 3489; x_wconf 88' lang='lat' dir='ltr'><strong>capitum:</strong></span> <span class='ocrx_word' id='word_1_242' title='bbox 1063 3405 1288 3472; x_wconf 82' lang='lat' dir='ltr'><strong>Helvetiorum</strong></span> 
     </span>
     <span class='ocr_line' id='line_1_36' title="bbox 278 3493 1290 3579; baseline 0 -19"><span class='ocrx_word' id='word_1_243' title='bbox 278 3494 370 3560; x_wconf 87' lang='lat' dir='ltr'><strong>milia</strong></span> <span class='ocrx_word' id='word_1_244' title='bbox 392 3510 536 3579; x_wconf 80' lang='lat' dir='ltr'><strong>conxrn,</strong></span> <span class='ocrx_word' id='word_1_245' title='bbox 563 3493 778 3579; x_wconf 83' lang='lat' dir='ltr'><strong>Tulingorum</strong></span> <span class='ocrx_word' id='word_1_246' title='bbox 800 3493 892 3558; x_wconf 91' lang='lat' dir='ltr'><strong>milia</strong></span> <span class='ocrx_word' id='word_1_247' title='bbox 914 3511 1039 3578; x_wconf 80' lang='lat' dir='ltr'><strong>xxxvi,</strong></span> <span class='ocrx_word' id='word_1_248' title='bbox 1061 3493 1290 3560; x_wconf 84' lang='lat' dir='ltr'><strong>Latovicorum</strong></span> 
     </span>
    </p>
   </div>
   <div class='ocr_carea' id='block_1_3' title="bbox 0 0 1388 4114">
    <p class='ocr_par' dir='ltr' id='par_1_13' title="bbox 0 0 1388 4114">
     <span class='ocr_line' id='line_1_37' title="bbox 0 0 1388 4114; baseline 0 0"><span class='ocrx_word' id='word_1_249' title='bbox 0 0 1388 4114; x_wconf 95' lang='lat' dir='ltr'><strong> </strong></span> 
     </span>
    </p>
   </div>
  </div>
 </body>
</html>
