2686 4108
231 223 296 286 122
577 223 625 278 ΒΕ
644 223 761 279 BELLO
780 223 887 279 CIVILI

200 364 284 430 cllli
307 365 454 430 celeriter
476 371 747 448 procucurrerunt
763 366 954 449 infestisque
972 363 1077 451 signis
1100 365 1203 427 tanta
1224 362 1264 424 vi

229 453 265 516 in
285 451 421 537 Pompei
445 453 569 536 equites
591 453 750 538 impetum
771 455 930 538 fecerunt,
952 457 990 518 ut
1012 473 1131 517 eorum
1149 470 1263 514 nemo

229 541 423 605 consisteret
445 562 619 624 omnesque
638 543 783 606 conversi
805 563 872 607 non
894 541 999 606 solum
1019 541 1096 604 loco
1115 537 1265 604 excede·

228 633 315 713 rent,
338 629 394 693 sed
415 627 563 712 protinus
586 627 714 694 incitati
736 630 816 716 fuga
837 633 963 694 montes
983 627 1175 692 altissimos
1201 646 1264 710 pe-

199 720 343 780 1111111.
363 714 486 791 Quibus
505 716 676 781 summotis
692 737 802 781 omnes
817 715 978 801 sagittarii
991 715 1264 796 funditoresque

198 819 214 867 8
229 803 377 868 destituti
395 803 533 866 inermes
553 802 622 867 sine
640 804 801 886 praesidio
819 803 982 869 interfecti
996 806 1084 868 sunt.
1117 801 1265 867 Eodem

226 891 351 975 impetu
379 890 527 954 cobortes
555 890 724 955 sinistrum
756 913 856 957 cornu
887 890 1115 976 pugnantibus
1148 889 1266 953 ctiam

227 983 298 1042 tum
321 999 358 1042 ac
380 976 606 1042 resistentibus
629 978 665 1042 in
687 979 754 1043 acie
776 978 983 1064 Pompeianis
1005 977 1267 1044 circumierunt

227 1087 345 1148 eosque
369 1086 389 1128 a
411 1069 504 1149 tergo
528 1070 605 1129 sunt
628 1067 768 1130 adortae.

198 1169 211 1215 1
292 1150 520 1216 LXXXXIIII.
543 1152 667 1217 Eodem
680 1158 825 1237 tempore
843 1153 974 1218 tertiam
989 1152 1099 1218 aciem
1115 1148 1268 1236 011111,

227 1261 308 1322 quae
332 1238 441 1321 quieta
462 1238 569 1304 fuerat
591 1245 625 1304 et
647 1261 682 1304 se
705 1241 801 1304 adid
824 1245 952 1325 tempus
980 1240 1055 1305 loco
1081 1243 1269 1324 tenuerat,

195 1341 412 1411 rprocurrere
434 1326 539 1390 iussit.
580 1326 633 1391 Ita
655 1349 729 1391 cum
750 1332 895 1392 recentes
919 1332 1018 1411 atque
1040 1326 1183 1412 integri
1211 1328 1269 1392 de

225 1413 319 1477 fessis
352 1414 595 1498 successissent,
627 1414 682 1478 alii
714 1419 821 1478 autem
854 1419 993 1502 atergo
1022 1415 1270 1502 adorirentur,

225 1500 384 1565 sustinere
397 1500 587 1585 Pompeiani
603 1523 669 1565 non
682 1505 859 1584 potuerunt
874 1508 971 1586 atque
984 1503 1144 1570 universi
1161 1510 1271 1591 terga

193 1592 397 1652 1111111111.
433 1587 547 1672 Neque
575 1609 650 1652 vero
674 1586 844 1653 Gaesarem
866 1589 1001 1674 fefellit,
1023 1591 1114 1676 quin
1140 1593 1191 1656 ab
1224 1594 1271 1658 iis

223 1675 427 1760 cohortibus,
450 1697 532 1758 quae
555 1680 669 1740 contra
691 1676 872 1758 equitatum
890 1676 927 1739 in
948 1681 1071 1759 quarta
1092 1678 1176 1744 acie
1201 1681 1273 1745 col-

222 1763 347 1828 locutae
374 1767 495 1844 essent,
520 1762 652 1826 initium
677 1762 830 1826 victoriae
858 1762 1012 1847 oriretur,
1040 1767 1083 1828 ut
1115 1767 1203 1850 ipsc
1235 1769 1274 1834 in

192 1850 429 1915 4c0b0rtandis
448 1849 607 1914 militibus
625 1849 899 1933 pronuntiaverat.
920 1849 975 1914 Ab
994 1849 1050 1913 bis
1071 1853 1180 1920 enim
1201 1857 1275 1940 pri-

222 1959 312 2001 mum
342 1937 505 2020 equitatus
532 1940 583 2000 est
612 1936 739 2020 pulsus,
771 1936 811 2000 ab
843 1936 946 2000 isdem
978 1935 1098 2003 factae
1137 1945 1273 2008 caedes

223 2023 469 2108 sagittariorum
483 2045 520 2087 11
533 2023 743 2106 funditorum,
761 2022 801 2086 ab
815 2022 918 2086 isdem
933 2023 1021 2088 acies
1037 2023 1276 2114 Pompeiana

222 2133 242 2174 1
264 2110 397 2173 sinistra
418 2115 510 2192 parte
535 2113 631 2190 [1111]
660 2108 829 2174 circumita
854 2114 952 2192 atque
975 2110 1127 2180 initium
1160 2117 1276 2206 fugae
1341 2153 1342 2164 2

192 2197 355 2261 ofactum.
375 2194 438 2260 Sed
455 2196 643 2281 Pompeius,
665 2201 703 2260 ut
725 2194 905 2278 equitatum
923 2219 1024 2262 suum
1043 2203 1206 2284 pulsum
1228 2210 1275 2274 vi-
1341 2231 1342 2278 3

221 2285 270 2348 dit
288 2287 386 2366 atque
400 2288 625 2366 campartem,
643 2283 695 2348 cui
713 2281 851 2346 maxime
866 2284 1075 2372 confidebat,
1095 2297 1276 2374 perterri-

219 2377 289 2436 tam
316 2369 557 2454 animadvertit,
584 2370 656 2434 aliis
684 2389 810 2453 quoque
838 2369 964 2435 diffisus
995 2375 1074 2439 acie
1108 2386 1277 2449 excessit

218 2459 430 2543 protinusque
454 2479 488 2521 11
505 2457 541 2521 in
558 2462 666 2521 castra
683 2477 764 2538 equo
778 2457 917 2520 contulit
931 2462 966 2522 11
979 2458 1024 2524 iis
1043 2471 1279 2537 centurioni-

219 2547 294 2629 bus,
317 2566 397 2628 quos
419 2545 456 2608 in
478 2544 619 2608 statione
641 2543 682 2606 ad
703 2541 898 2625 praetoriam
916 2550 1059 2627 portam
1081 2567 1270 2636 posuerat

220 2633 319 2715 clare,
350 2636 388 2695 ut
414 2632 534 2695 milites
562 2630 763 2711 exaudirent,
791 2629 947 2712 Termini,
975 2633 1122 2727 inquit,
1157 2613 1280 2715 mm}
1340 2689 1341 2692 ,

220 2724 248 2783 et
268 2719 418 2797 defendite
439 2721 607 2801 (1111911111,
628 2719 658 2781 si
674 2716 750 2797 quid
764 2715 874 2780 durius
890 2720 1055 2789 1111111111.
1088 2730 1178 2814 E90
1200 2739 1279 2802 rezi.

218 2825 296 2886 quus
316 2809 427 2886 portas
453 2807 601 2869 circumeo
626 2808 656 2868 et
685 2805 854 2866 1111111111
879 2807 1058 2884 praesidia
1090 2823 1281 2904 confirmo,

188 2891 307 2958 oHaec
330 2912 403 2954 cum
424 2891 567 2976 dixisset,
589 2912 623 2956 se
641 2890 677 2954 in
693 2888 891 2973 praetorium
910 2897 1078 2987 contulit,
1106 2927 1281 2978 summae

217 2979 264 3044 rei
287 2977 435 3042 diffidens
458 2984 622 3044 ettamen
645 2978 795 3040 eventum
817 2982 1026 3058 exspectans.

188 3086 202 3132 1
283 3063 472 3130 LXXXXV.
496 3064 615 3131 ansar
627 3060 834 3151 Pompeianis
852 3083 891 3125 ex
905 3063 990 3150 fuga
1005 3070 1116 3145 intra
1136 3086 1281 3154 vallum
1339 3127 1340 3150 1

217 3151 391 3237 compulsis
421 3153 546 3218 nullum
577 3151 720 3238 spatium
751 3148 932 3230 perterritis
969 3154 1060 3226 dare
1102 3179 1281 3254 oporqere
1339 3151 1340 3158 '

216 3240 403 3307 existimans
422 3240 540 3305 milites
560 3239 750 3306 cohortatus
769 3238 826 3317 est,
844 3238 880 3296 ut
898 3235 1088 3314 beneficio
1101 3255 1282 3328 fortunae

184 3345 200 3393 2
215 3331 382 3393 uterentur
395 3331 562 3411 castraque
577 3323 811 3413 oppugnarent·
835 3318 906 3402 Qui,
921 3327 989 3390 etsi
1006 3354 1157 3425 magno
1177 3357 1283 3416 aem

214 3414 305 3502 (nam
324 3415 363 3478 ad
377 3414 541 3480 meridiem
555 3438 606 3481 res
621 3415 694 3479 erat
706 3402 887 3506 perducta),
905 3409 1031 3482 tamen
1054 3429 1106 3493 ad
1130 3455 1284 3505 omnem

183 3503 359 3566 elaborem
382 3501 488 3566 animo
506 3503 613 3587 parati
630 3501 768 3578 imperio
786 3500 976 3573 paruerunt·
1012 3504 1159 3586 Castra
1182 3548 1207 3592 a
1229 3551 1285 3593 ρο·
