2754 4124
359 200 424 258 LIB.
444 199 504 257 VII.
540 202 620 258 CAP.
638 201 837 260 xv-xvfflL
1050 205 1114 269 147

101 345 248 410 exercitu
281 344 440 410 tenuitate
475 342 646 429 Boiorum,
681 345 889 432 indiligentia
919 345 1116 433 Aeduorum,

100 433 262 498 incendiis
294 432 525 516 aedificiorum,
556 454 658 517 usque
686 455 738 518 eo,
770 438 808 498 ut
835 435 1017 520 complures
1046 436 1115 503 dies

99 523 269 586 frumento
286 520 407 586 milites
426 520 588 586 caruerint
606 524 639 585 et
651 542 767 607 pecore
781 543 820 587 ex
833 523 1114 608 longinquioribus

100 609 186 675 vicis
200 609 315 674 adacto
330 611 506 674 extremam
519 609 639 674 famem
654 613 882 694 sustentarent,
901 611 992 676 nulla
1005 615 1116 678 tamen

100 719 170 763 vox
201 700 250 762 est
282 697 323 762 ab
353 695 395 761 iis
426 697 537 761 audita
565 697 679 781 populi
710 697 850 763 Romani
881 699 1052 765 maiestate
1082 705 1116 765 et

101 785 326 870 superioribus
341 784 485 850 victoriis
504 784 647 870 indigna.
678 783 764 861 Quin
784 787 885 852 etiam
904 786 1024 853 Caesar
1042 800 1151 854 cume

101 875 140 938 in
169 895 265 958 opere
294 872 440 958 singulas
464 872 609 958 legiones
634 873 815 959 appellaret
839 878 884 959 et,
917 876 946 940 si
968 876 1115 942 acerbius

101 961 250 1047 inopiam
269 961 400 1045 ferrent,
419 983 453 1026 se
472 961 680 1026 dimissurum
695 963 971 1047 oppugnationem
987 963 1116 1049 diceret,

101 1049 249 1116 universi
276 1051 317 1115 ab
345 1070 397 1130 eo,
427 1070 469 1114 ne
496 1049 529 1113 id
551 1049 686 1133 faceret,
712 1051 881 1135 petebant:
910 1051 957 1117 sic
979 1074 1014 1117 ss
1032 1067 1150 1118 com-s

102 1139 218 1225 plures
237 1159 340 1204 annos
362 1137 421 1202 illo
444 1136 625 1222 imperante
643 1137 807 1222 meruisse,
830 1143 866 1202 ut
884 1140 1008 1206 nullam
1026 1141 1116 1226 igno·
1180 1189 1182 1193 -

102 1226 242 1293 minium
257 1226 446 1310 acciperent,
464 1247 622 1310 nusquam
636 1225 756 1290 infecta
773 1248 809 1290 re
823 1227 1036 1294 discederent:
1054 1229 1116 1294 hoc
1134 1243 1150 1292 6

103 1338 142 1381 se
161 1314 357 1400 ignominiae
376 1313 500 1378 laturos
520 1313 601 1394 loco,
620 1313 648 1378 si
662 1313 825 1399 inceptam
840 1316 1115 1400 oppugnationem

102 1403 328 1488 reliquissent3
343 1405 510 1488 praestare
524 1423 636 1467 omnes
652 1401 793 1485 perferre
808 1403 1010 1488 acerbitates,
1019 1427 1115 1490 quam
1135 1419 1150 1468 ‘1

102 1513 174 1558 non
200 1491 324 1556 civibus
351 1489 522 1572 Romanis,
552 1489 606 1576 qui
634 1488 757 1555 Cenabi
783 1491 920 1576 perfidia
947 1491 1116 1558 Gallorum

103 1579 308 1661 interissent,
340 1581 557 1662 parentarent.
611 1576 700 1643 Haec
732 1579 844 1643 eadem
873 1580 1150 1645 centurionibuss

103 1668 311 1751 tribunisque
339 1666 480 1731 militum
508 1665 719 1750 mandabant,
745 1669 783 1731 ut
810 1689 867 1750 per
894 1689 949 1732 eoa
973 1668 1014 1732 ad
1037 1667 1115 1734 caa-

105 1779 214 1824 sarem
233 1755 443 1821 deferrentur.

196 1843 316 1910 XVIII.
345 1841 425 1908 Cum
448 1842 514 1907 iam
541 1863 634 1908 muro
657 1847 764 1908 turres
792 1843 1116 1930 appropinquassent,
1136 1861 1148 1908 1

106 1958 147 2001 ex
185 1931 323 2018 captivis
355 1929 476 1996 Caesar
507 1930 673 2017 cognovit,
708 1929 1009 2016 Vercingetorigem
1041 1954 1113 1998 con-

106 2026 239 2107 sumpto
258 2020 377 2105 pabulo
397 2023 504 2084 castra
522 2019 661 2084 movisse
679 2019 813 2103 propius
828 2019 1003 2096 Avaricum
1017 2023 1115 2104 atqua

105 2113 217 2196 ipsum
248 2131 321 2174 oum
354 2108 500 2192 equitatu
531 2107 762 2192 expeditisque,
794 2108 850 2192 qui
881 2108 965 2173 inter
992 2109 1115 2192 equites

106 2197 263 2284 proeliari
286 2198 508 2279 consuessent,
530 2195 720 2260 insidiarum
744 2217 841 2261 causa
863 2217 901 2260 eo
925 2197 1115 2282 profectum,

108 2309 174 2373 quo
202 2289 333 2351 nostros
361 2286 491 2368 postero
515 2283 566 2348 die
588 2283 779 2367 pabulatum
801 2287 954 2350 venturos
978 2286 1115 2350 arbitra·

106 2379 217 2444 retur„
259 2372 383 2450 Quibus
415 2371 510 2436 rebus
545 2370 683 2457 cognitis
703 2371 829 2436 media
861 2377 956 2437 nocte
986 2372 1150 2440 silentioa

106 2463 274 2549 proiectus
297 2462 337 2527 ad
359 2459 503 2525 hostium
525 2467 633 2524 castra
655 2481 750 2524 mane
772 2460 928 2543 pervenit.
960 2459 1015 2525 Illi
1032 2461 1150 2527 cele-3

107 2553 190 2617 riter
212 2571 269 2634 per
289 2549 510 2633 exploratores
529 2547 668 2612 adventu
688 2545 836 2612 Caesaris
856 2549 987 2632 cognito
1006 2571 1115 2615 carros

107 2639 474 2723 impedimentaquesua
487 2636 523 2700 in
537 2635 674 2700 artiores
685 2635 784 2701 silvas
794 2635 995 2720 abdiderunt,
1005 2638 1114 2720 copias

108 2727 216 2796 omnis
242 2727 279 2790 in
305 2726 377 2790 loco
405 2723 492 2789 edito
516 2728 613 2808 atque
633 2728 746 2807 aperto
769 2723 999 2790 instruxerunt.
1044 2725 1150 2802 Quat

106 2839 144 2882 re
175 2814 325 2880 nuntiata
353 2810 472 2879 Caesar
498 2813 644 2877 celerIter
672 2812 814 2878 sarcinas
842 2813 993 2898 conferri,
1025 2835 1115 2880 arma

107 2903 252 2990 expediri
272 2900 377 2967 iussit.

197 2989 334 3056 XVIIII.
376 2987 475 3054 Collis
508 2991 578 3053 erat
610 2988 726 3053 leniter
757 2989 799 3054 ab
831 2989 943 3053 infimo
975 2989 1148 3055 acclivisr

106 3081 205 3147 Hunc
235 3101 273 3144 ex
301 3077 450 3144 omnibus
473 3075 540 3141 fere
563 3077 711 3160 partibus
733 3077 828 3160 palus
852 3076 993 3142 difficilis
1017 3080 1115 3162 atque

107 3167 266 3252 impedita
298 3166 451 3250 cingebat
481 3185 547 3230 non
579 3164 679 3229 latior
707 3164 842 3248 pedibus
870 3165 1114 3250 quinquaginta.

107 3257 181 3323 Hoc
214 3277 247 3321 se
280 3256 362 3321 colle
393 3251 585 3336 interruptis
612 3252 768 3336 pontibus
796 3252 884 3318 Galli
909 3253 1026 3318 fiducia
1052 3254 1150 3318 locis

109 3344 319 3412 continebant
333 3341 575 3430 generatimque
589 3339 753 3405 distributi
768 3341 814 3421 [in
829 3342 990 3422 civitates]
1006 3341 1115 3406 omnia

107 3433 191 3499 vada
202 3455 240 3498 ac
254 3432 356 3496 saltus
371 3431 439 3496 eius
454 3428 581 3516 paludis
596 3428 797 3514 obtinebant,
815 3430 862 3510 sic
876 3430 984 3495 animo
999 3430 1115 3514 parati,

106 3527 158 3608 ut,
185 3521 214 3587 si
240 3541 310 3586 cam
338 3519 488 3606 paludem
511 3517 650 3582 Romani
677 3537 884 3604 perrumpere
912 3520 1116 3602 conarentur,

902 3620 955 3676 10'
