2746 4120
391 207 503 263 COMM.
523 209 544 262 Ι.
572 206 649 263 cAP.
668 208 873 263 LXI-LXIHI.
1095 210 1138 274 33

128 353 351 436 traduxerant,
382 356 489 417 castra
520 351 669 437 iungunt.
718 351 975 436 Relinquebatur
1007 349 1138 418 Caesari

126 440 224 525 nihil,
245 441 309 505 nisi
332 439 382 504 uti
403 441 551 524 equitatu
570 461 687 525 agmen
705 440 962 505 adversariorum
980 441 1064 506 male
1082 442 1139 506 ha-

127 529 219 592 beret
237 533 270 592 et
284 532 437 612 carperet.
460 527 547 592 Pons
567 528 653 592 enim
670 527 774 611 ipsius
792 549 947 612 magnum
966 529 1138 594 circuitum
1228 553 1230 560 ’

2 613 3 620 '
126 615 283 700 habebat,
314 621 352 679 ut
378 616 482 679 multo
511 615 658 680 breviore
687 617 803 680 itinere
831 616 881 680 illi
911 616 951 680 ad
977 616 1137 682 Hiberum

127 703 293 788 pervenire
315 707 457 788 possent.
493 703 596 787 Equit
597 725 630 768 es
582 705 694 768 tab
719 725 757 768 eo
780 703 872 768 missi
895 704 1015 770 flumen
1033 710 1137 770 trans-
1151 720 1168 768 ι

247 795 372 876 t,cum
395 792 433 856 de
452 791 550 855 tertia
568 791 681 877 vigilia
698 791 846 856 Petreius
866 797 962 876 atque
981 793 1136 858 Afranius

126 795 246 944 castrae
257 843 435 944 movissent
439 883 605 965 ,repente
629 901 698 944 sese
722 880 762 944 ad
783 880 996 946 novissimum
1020 903 1137 966 agmen

126 968 303 1032 ostendunt
334 972 367 1032 et
398 989 517 1053 magna
552 968 759 1032 multitudine
791 963 985 1034 circumfusa
1016 969 1137 1034 morari

126 1061 224 1139 atque
247 1055 311 1120 iter
333 1055 490 1140 impedire
512 1056 681 1140 incipiunt.

192 1142 329 1208 LXIlII.
351 1143 462 1208 Prima
479 1143 551 1208 luce
565 1165 604 1208 ex
618 1144 837 1228 superioribus
852 1145 946 1231 locis,
962 1167 1044 1229 quae
1059 1143 1136 1210 an-
1150 1159 1166 1212 1

127 1231 209 1296 saris
241 1231 356 1296 castris
389 1235 482 1295 erant
513 1231 699 1316 coniuncta,
735 1233 939 1318 comebatur,
970 1234 1135 1317 equitatus

126 1319 230 1384 nostri
257 1319 381 1404 proelio
408 1319 603 1384 novissimos
630 1319 760 1384 illorum
791 1321 894 1404 premi
921 1321 1136 1407 vehementer,

125 1429 165 1472 ac
190 1429 258 1471 non
288 1429 466 1490 numquam
497 1407 655 1471 sustinere
687 1411 866 1472 extremum
893 1429 1011 1493 agmen
1038 1414 1135 1493 atque

126 1495 333 1580 interrumpi,
361 1495 440 1560 alias
463 1495 575 1560 inferri
598 1495 692 1581 signa
719 1500 752 1559 et
778 1495 1000 1560 universarum
1023 1497 1135 1562 cohor·

126 1583 209 1646 tium
235 1583 360 1667 impetu
387 1588 519 1648 nostros
545 1583 696 1667 propelli,
723 1583 798 1646 dein
823 1605 934 1647 rursus
962 1605 1134 1651 conversos

125 1671 261 1754 insequi.
295 1670 387 1734 Totis
410 1691 486 1735 vero
510 1671 624 1735 castris
648 1670 733 1734 milit
719 1675 768 1734 tes
792 1670 940 1736 mrculari
963 1677 996 1736 et
1018 1673 1135 1758 dolere,
1148 1686 1165 1734 ι

126 1759 253 1824 hostem
277 1780 315 1821 ex
338 1759 489 1822 manibus
508 1758 627 1822 dimitti
633 1758 785 1842 ,bellum
802 1760 983 1824 necessario
1005 1724 1135 1846 longini

126 1846 215 1931 duci;
237 1845 442 1910 centuriones
465 1846 677 1928 tribunosque
696 1845 781 1910 milit
767 1850 838 1910 turn
857 1847 944 1911 adire
964 1851 1060 1931 atque
1079 1847 1134 1912 ob-

125 1897 264 2018 secrdre,
295 1939 333 1998 ut
358 1955 416 2017 per
443 1955 498 1998 eos
527 1931 645 1998 Caesar
676 1934 794 1998 certior
824 1935 930 2019 fieret,
959 1957 1000 2000 ne
1028 1933 1134 2000 labori

127 2043 185 2087 suo
208 2043 271 2086 neu
293 2021 437 2122 periculo
456 2025 616 2104 parceret:
638 2026 769 2106 paratos
789 2043 857 2086 esse
877 2044 947 2088 seue
952 2045 1077 2108 ,posse
1100 2028 1133 2088 et

127 2110 243 2174 audere
266 2130 304 2172 ea
326 2109 465 2174 transire
490 2109 623 2194 flumen,
651 2131 714 2192 qua
740 2109 868 2174 traduci
854 2114 908 2174 tui
936 2117 1020 2176 esset
1047 2111 1134 2196 equi-

127 2201 224 2262 t.atus
250 2195 444 2273 Quorumst
430 2197 573 2261 tudioet
591 2161 724 2262 vbcibus
743 2197 847 2262 excita
848 2203 902 2262 tus
848 2196 1047 2284 thesar,
1070 2200 1163 2265 etsi3

126 2286 264 2350 timebat
282 2290 392 2350 tantae
411 2289 537 2371 magmt
513 2285 627 2349 'tudini
646 2285 787 2349 fluminis
807 2287 983 2351 exercitum
997 2252 1132 2374 obicere,

126 2374 307 2440 conandum
334 2378 444 2437 tamen
471 2377 568 2457 atque
597 2373 823 2456 experiendum
844 2374 974 2438 iudicat.
1018 2340 1163 2458 Itaqud4

126 2462 318 2526 infirmiores
346 2461 466 2526 milites
490 2483 529 2525 ex
556 2461 705 2562 omnibus
734 2462 887 2526 centuriis
911 2462 1010 2564 deligi
1031 2463 1132 2548 iubet,

125 2571 264 2634 quorum
283 2553 339 2613 aut
358 2549 483 2614 animus
503 2549 661 2613 nutrires
680 2548 872 2614 videbantur
890 2550 1048 2615 sustinere
1066 2515 1132 2615 nori

126 2659 230 2724 posse.
270 2635 341 2700 Hos
369 2659 442 2702 cum
469 2636 596 2722 legione
624 2659 689 2700 una
714 2637 875 2722 praesidio
900 2638 1015 2703 castris
1038 2637 1162 2702 rolin-o

126 2724 387 2812 quit31eliquas
422 2725 567 2826 legiones
603 2725 731 2809 expedit
732 2748 766 2790 as
803 2725 910 2790 educit
949 2747 1132 2812 magnoque

126 2834 259 2879 numero
293 2812 554 2876 iumentorum
545 2835 580 2876 ιιι
616 2813 746 2876 flumine
782 2835 880 2898 supra
915 2818 1011 2897 atque
1046 2815 1132 2879 infra

125 2902 247 2967 constit
233 2899 475 2965 tutotraducit
461 2901 681 2964 texercitum.
719 2900 818 2966 Pauci
837 2923 876 2966 ex
897 2901 949 2966 his
972 2901 1161 2967 militibusc

127 2988 296 3074 abrepti
267 3011 299 3053 ιι
318 2987 464 3051 fluminis
479 2987 519 3050 ab
534 2989 681 3071 equitatu
694 2989 897 3074 excipiuntur
910 3011 948 3054 ac
964 2990 1132 3054 sublevan-

128 3082 195 3162 ιιι,
216 3076 329 3141 interit
351 3079 460 3139 tamen
482 3096 585 3140 nemo.
628 3077 789 3142 Traducto
811 3077 965 3142 incolumi
988 3077 1131 3142 exercitu

2 3229 3 3238 ¹
129 3128 248 3245 copias
259 3163 394 3228 instruit
416 3161 638 3248 triplicemque
662 3165 763 3230 aciem
786 3165 899 3230 ducere
921 3164 1044 3250 incipit.
1082 3164 1161 3230 Acu

129 3255 256 3314 tantum
278 3251 372 3315 fuit'
363 3273 399 3315 ιιι
421 3249 580 3316 militibus
603 3253 715 3337 studii,
736 3257 774 3316 ut
792 3254 917 3317 milium
936 3275 992 3318 sex
1010 3253 1051 3317 ad
1068 3253 1132 3317 iter
1200 3299 1202 3306 .

130 3337 239 3400 addito
268 3339 404 3404 circuitu
435 3359 615 3440 magnaque
647 3340 687 3404 ad
717 3340 833 3405 vadum
865 3339 1008 3408 fluminis
1040 3361 1132 3406 mora

128 3425 321 3507 interposita
350 3449 419 3513 eos,
450 3427 505 3511 qui
537 3426 698 3492 detortis
727 3427 838 3514 vigilia
870 3431 1024 3514 exissent,
1056 3433 1132 3494 ants

129 3513 244 3577 horam
267 3513 330 3578 diei
352 3535 437 3580 ιιιιι.
461 3520 738 3597 consequerentur.

955 3627 971 3671 3
