2718 4124
316 225 462 282 BELLUM
479 223 741 283 mensunusum
758 243 782 284 a.
797 233 912 284 21-24.
1078 227 1121 292 59

104 373 229 456 potest,
252 371 339 437 vallo
363 375 462 456 atque
484 371 575 438 fossa
592 372 721 438 moenia
741 373 929 458 circumdat,
952 372 1053 438 turris
1071 394 1123 438 ex-

105 459 190 525 truit
213 481 334 545 easque
347 460 518 546 praesidiis
536 461 660 546 firmat3
678 465 847 546 praeterea
864 462 933 527 dies
950 461 1122 546 noctisque

105 552 162 614 aut
180 548 323 633 pervim
342 553 400 614 aut
418 549 501 614 dolis
520 554 690 634 temptare,
714 549 938 616 defensoribus
957 551 1122 616 moenium

103 637 253 721 praemia
275 637 372 703 modo
395 637 492 703 modo
516 637 724 704 formidinem
747 643 923 724 ostentare,
945 660 1022 705 suos
1049 638 1122 704 hor·

104 725 206 792 tando
230 725 273 791 ad
295 727 452 792 virtutem
475 725 637 813 adrigerer
668 749 803 812 prorsus
830 727 977 794 intentur
1005 731 1122 794 cuneta

104 835 231 899 parare.
277 813 444 880 Adherbal
470 815 529 880 ubi
555 815 720 902 intellegit
743 816 849 882 omnis
872 839 948 882 suae
970 817 1156 882 fortunasa

104 903 138 969 in
155 907 305 969 extremo
324 904 414 989 sitas,
432 903 563 970 hostem
581 903 746 989 infestum,
763 905 865 970 auxili
883 927 975 989 spem
987 904 1121 990 nullam,

102 992 243 1077 penuria
265 1014 374 1058 rerum
396 993 654 1058 necessariarum
677 993 800 1060 bellum
823 994 911 1059 trahi
932 1015 999 1060 non
1016 1015 1122 1078 posse,

103 1104 142 1147 ex
172 1081 237 1166 eis,
267 1081 325 1166 qui
355 1103 421 1146 una
452 1079 579 1149 Cirtam
607 1082 836 1169 profugerant,
863 1083 944 1148 duos
972 1103 1121 1147 maxume

102 1169 254 1256 inpigros
282 1169 418 1257 delegit:
450 1191 507 1236 eos
534 1171 639 1236 multe
665 1171 849 1257 pollicendo
878 1193 915 1260 ao
938 1171 1121 1236 miserando

103 1280 218 1325 cesum
246 1279 343 1324 suum
370 1258 556 1345 confirmat,
587 1259 638 1326 uti
664 1281 724 1345 per
750 1261 896 1325 hostium
923 1259 1121 1326 munitiones

101 1352 205 1414 noctu
238 1347 280 1412 ad
310 1369 506 1433 proxumum
533 1369 636 1434 mare,
668 1349 743 1414 dein
769 1347 909 1414 Romam
938 1353 1121 1434 pergerent.

101 1435 268 1502 Numidae
294 1435 407 1522 pausis
430 1435 543 1502 diebus
572 1437 662 1502 insse
689 1436 845 1503 efficiunt
899 1437 1030 1503 litterae
1057 1437 1175 1504 Ad-24

100 1525 251 1628 herbelis
277 1523 313 1590 in
339 1528 455 1592 senatu
481 1525 652 1612 recitatae,
684 1547 822 1610 quarum
849 1525 1012 1592 sententia
1041 1526 1121 1592 haee

169 1701 262 1770 ‘Non
283 1723 357 1768 mea
378 1703 474 1788 eulpa
501 1725 597 1788 saepe
624 1702 665 1768 ad
688 1725 745 1769 vos
769 1707 900 1770 oratum
927 1703 1040 1789 mitto,
1066 1721 1156 1788 prr-a

103 1797 171 1858 tres
196 1791 384 1876 conscripti,
407 1793 464 1858 sed
481 1791 532 1858 vis
551 1791 730 1878 Iugurthae
753 1793 888 1879 subigit,
911 1814 1008 1879 quem
1026 1797 1121 1858 tanta

102 1880 218 1947 lubido
247 1881 457 1966 extinguendi
484 1903 536 1946 me
568 1881 702 1966 invasit,
732 1885 772 1946 ut
799 1904 904 1966 neque
931 1903 990 1948 vos
1016 1903 1121 1966 neque

103 1970 184 2037 deos
214 1969 400 2034 inmortalis
427 1969 463 2034 in
490 1970 600 2035 animo
627 1970 761 2055 habeat,
790 1970 983 2056 sanguinem
1012 1992 1122 2036 meum

104 2080 207 2144 quam
231 2058 342 2124 omnia
364 2057 468 2124 malit.
504 2059 616 2142 itaque
638 2059 790 2143 quintum
812 2059 879 2124 iam
902 2080 1048 2125 mensem
1071 2076 1155 2126 sou

104 2148 176 2214 eius
200 2150 236 2213 et
257 2147 382 2212 amicus
404 2146 519 2232 populi
537 2146 678 2213 Romani
700 2147 800 2213 armis
824 2148 977 2214 obsessus
995 2152 1122 2235 teneor,

102 2233 1122 2414 thethdumltdfflltttdttdlh

466 2374 475 2410 r
1042 2377 1052 2412 r
1110 2364 1121 2375 '

105 2417 217 2481 certus
241 2435 322 2479 sum

172 2500 276 2567 Plura
294 2501 332 2568 de
350 2500 513 2588 Iugurtha
535 2503 677 2570 seribere
699 2503 893 2571 dehortatur
914 2527 966 2571 me
989 2503 1156 2570 fortunae

104 2613 179 2658 mea
201 2594 237 2656 et
258 2591 325 2656 iam
348 2596 445 2658 antea
466 2596 619 2676 expertus
646 2615 719 2659 sum
746 2615 862 2679 parum
888 2593 965 2659 fidei
991 2594 1119 2660 miseris

104 2701 192 2766 esse,
213 2679 280 2746 nisi
298 2683 409 2746 temen
429 2681 587 2767 intellego
610 2681 705 2747 illum
728 2703 827 2767 supra
849 2705 948 2767 quam
966 2703 1028 2769 ego
1047 2705 1119 2748 sum
1139 2699 1155 2748 o

103 2773 216 2856 petere
247 2790 353 2853 neque
389 2769 486 2835 simul
523 2769 703 2836 amicitiam
738 2775 885 2836 vostram
916 2775 950 2836 et
981 2793 1119 2858 regnum

104 2879 216 2924 meum
239 2879 377 2942 sperare.
421 2861 534 2924 utrum
556 2859 688 2945 gravius
712 2861 901 2944 existumet,
922 2860 1046 2926 nemini
1069 2883 1121 2928 oo·

104 2947 232 3014 eultum
254 2950 315 3012 est.
358 2968 436 3012 nam
462 2947 558 3014 initio
586 2948 706 3014 oceidit
732 2948 956 3032 Hiempsalem
982 2949 1154 3017 fratremo

105 3057 232 3122 meum,
263 3034 377 3102 deinde
404 3037 513 3121 patrio
544 3057 646 3123 regno
674 3059 726 3103 me
754 3037 887 3122 expulit
933 3058 1015 3123 quae
1043 3061 1120 3105 sane

104 3125 229 3190 fuerint
257 3128 390 3191 nostrae
419 3124 571 3210 iniuriae,
599 3125 684 3190 nihil
714 3126 754 3191 ad
782 3147 850 3192 vos.
895 3148 1008 3194 verum
1034 3143 1154 3194 nunes

105 3218 256 3280 rostrum
278 3234 415 3300 regnum
438 3213 538 3300 armis
562 3217 666 3300 tenet;
692 3235 759 3300 me,
782 3237 880 3300 quem
902 3238 961 3282 vos
984 3217 1119 3301 impera

104 3307 213 3368 torem
235 3299 388 3368 Numidis
410 3301 578 3388 posuistis,
601 3303 748 3368 clausum
771 3300 1119 3392 obsidet3'legatorum

104 3391 205 3457 verba
228 3391 345 3476 quanti
366 3390 490 3476 feeerit,
511 3391 657 3477 pericula
674 3413 747 3458 mee
764 3392 939 3459 declarant.
972 3393 1050 3477 quid
1067 3396 1120 3458 est
1137 3409 1154 3459 8

104 3479 242 3546 relicum
265 3479 330 3544 nisi
352 3479 403 3545 vis
425 3483 551 3565 vostra,
574 3501 638 3564 quo
661 3481 785 3546 moveri
807 3481 936 3566 possit?
958 3503 1035 3546 nam
1057 3497 1154 3567 egos

105 3569 238 3654 quidem
252 3567 379 3653 vellem,
401 3571 436 3633 et
448 3567 538 3653 haee,
552 3589 635 3652 quae
654 3569 772 3654 soribo,
790 3573 825 3635 et
842 3571 910 3654 illa,
924 3591 1005 3653 quae
1024 3573 1119 3635 antea
