2706 4122
289 211 434 266 BELLUM
452 209 713 268 wauaTfflNUM
731 227 754 267 ο.
774 218 886 266 es-er.
1034 213 1097 277 103

89 379 203 424 eorum
230 359 351 445 sciens,
384 358 440 424 sed
463 357 646 423 mehercule
678 357 783 441 magis
817 360 968 422 strenuus
1001 379 1098 442 quam

89 445 183 530 felix,
213 469 291 512 nam
318 469 438 534 magna
463 467 539 531 pars
572 446 641 510 eius
669 445 807 510 avaritia
834 449 891 510 aut
914 446 1151 511 temeritatem

88 535 208 600 ducum
236 536 359 602 adtrita
375 538 445 600 est.
490 556 588 619 quam
616 533 658 598 ob
685 556 755 598 rem
776 555 849 618 vos,
876 534 994 618 quibus
1016 532 1099 598 mili-
1117 550 1151 598 ar

89 623 170 688 laris
196 628 288 688 aetas
317 629 381 708 est,
412 621 597 688 adnitimini
624 644 751 688 mecum
782 627 816 686 et
842 622 1000 706 capessite
1029 644 1100 688 rem

88 711 263 797 publicam,
282 735 387 798 neque
405 732 601 796 quemquam
618 733 658 776 ex
680 711 867 776 calamitate
885 711 1024 776 aliorum
1043 713 1100 775 aut

89 801 326 884 imperatorum
349 799 501 886 superbia
528 803 635 863 metus
659 799 791 884 ceperit.
835 803 966 886 egomet
988 800 1023 864 in
1045 819 1099 884 ag-

88 889 175 954 mine
200 893 258 954 aut
279 890 314 955 in
335 888 461 974 proelio
484 889 652 953 consultor
673 887 759 952 idem
782 892 816 952 et
838 888 945 953 socius
963 885 1099 972 periculi

88 977 260 1042 vobiscum
278 979 384 1062 adero,
402 998 517 1061 meque
531 997 653 1061 vosque
672 977 707 1040 in
725 976 876 1042 omnibus
890 976 987 1041 rebus
1006 976 1099 1040 iuxta

88 1087 212 1151 geram
245 1070 279 1131 et
300 1065 448 1152 profecto
467 1064 517 1128 dis
536 1064 723 1129 iuvantibus
738 1065 847 1130 omnia
866 1069 994 1130 matura
1013 1069 1098 1148 sunt,
1116 1079 1150 1128 4⁸

88 1153 229 1220 victoria
249 1155 370 1238 praeda
391 1155 472 1218 laus.
492 1151 586 1237 ¹quae
610 1153 638 1217 si
656 1152 755 1217 dubia
773 1157 830 1218 aut
848 1154 962 1237 procul
980 1158 1098 1237 essent,

88 1247 202 1308 tamen
233 1243 338 1308 omnis
371 1244 474 1308 bonos
501 1241 549 1305 rei
576 1242 724 1324 publicae
757 1241 927 1306 subvenire
955 1243 1098 1308 decebat

87 1332 212 1397 etenim
228 1352 324 1396 nemo
342 1331 473 1417 ignavia
485 1330 670 1395 inmortalis
684 1329 791 1394 factus
810 1334 870 1414 est,
888 1352 993 1415 neque
1013 1331 1098 1414 quis·
1116 1343 1150 1393 so

88 1443 189 1504 quam
206 1442 324 1504 parens
342 1419 464 1502 liberie,
481 1419 531 1483 uti
551 1419 674 1482 aeterni
692 1417 810 1502 forent,
834 1419 970 1504 optavit,
993 1419 1097 1505 magis

87 1510 136 1574 uti
158 1508 241 1573 boni
263 1508 456 1592 honestique
478 1507 582 1572 vitam
608 1507 783 1591 exigerent.
828 1508 923 1592 plura
949 1508 1098 1590 dicerem,
1117 1522 1150 1571 50

88 1597 245 1680 Quirites,
263 1596 292 1660 si
310 1596 434 1660 timidis
448 1595 604 1660 virtutem
617 1596 717 1658 verba
735 1595 902 1680 adderent3
924 1618 1000 1660 nam
1019 1599 1098 1660 stre

87 1686 161 1750 uuis
186 1684 313 1748 abunde
335 1684 459 1750 dictum
480 1681 582 1768 puto.'

152 1771 300 1838 Huiusce
328 1773 417 1837 modi
444 1772 591 1838 oratione
617 1771 733 1836 habita
759 1771 896 1856 Marius,
922 1775 1099 1856 postquam
1108 1774 1151 1838 86

87 1862 195 1946 plebis
218 1861 345 1926 animos
373 1861 521 1926 adrectos
548 1860 650 1944 videt,
675 1883 812 1944 propere
842 1863 1014 1926 conmeatu
1042 1861 1098 1924 sti-

87 1950 218 2034 pendio,
241 1949 340 2014 armis
364 1949 501 2033 aliisque
523 1948 660 2013 utilibus
683 1949 775 2013 navis
800 1953 926 2034 onerat,
949 1970 1024 2014 cum
1045 1949 1098 2014 hie

87 2039 125 2104 Α.
153 2037 317 2102 Manlium
347 2037 495 2124 legatum
526 2037 688 2122 proficisci
719 2037 818 2102 iubet.
872 2038 941 2122 ipse
973 2037 1132 2102 intereas

88 2127 212 2192 milites
227 2126 378 2210 scribere,
395 2148 462 2191 non
479 2147 569 2190 more
584 2125 745 2190 maiorum
757 2148 861 2211 neque
877 2149 917 2191 ex
930 2126 1099 2210 classibus,

89 2217 143 2280 sed
167 2214 220 2280 uti
243 2214 399 2298 cuiusque
421 2213 533 2279 lubido
557 2219 637 2298 erat,
659 2215 765 2298 capite
786 2236 899 2280 censos
917 2215 1098 2299 plerosque.

88 2305 119 2370 id
141 2303 271 2368 factum
294 2303 351 2366 alii
376 2302 489 2388 inopia
519 2303 679 2367 bonorum
715 2302 773 2366 alii
801 2325 860 2388 per
886 2303 1132 2368 ambitionema

89 2391 233 2458 consulis
261 2390 500 2475 memorabant,
527 2391 614 2474 quod
640 2391 743 2455 abeo
771 2412 888 2476 genere
915 2391 1098 2456 celebratus

89 2485 269 2564 auctusque
296 2483 367 2544 erat
394 2483 427 2544 et
457 2479 583 2544 homini
604 2479 787 2562 potentiam
814 2480 983 2564 quaerenti
1005 2502 1099 2565 egen·

89 2571 249 2634 tissumus
268 2568 404 2652 quisque
423 2567 737 2654 opportunissumus,
756 2567 808 2632 cui
824 2590 928 2652 neque
943 2590 1001 2633 sua
1016 2591 1099 2652 cara,

90 2659 211 2743 quippe
235 2678 317 2740 quae
339 2656 430 2722 nulla
452 2659 539 2740 sunt,
560 2659 594 2720 et
617 2656 727 2721 omnia
745 2679 820 2722 oum
837 2657 943 2741 pretio
960 2657 1099 2722 honesta

92 2747 252 2812 videntur.

153 2833 266 2920 Igitur
278 2831 402 2896 Marius
421 2855 495 2898 cum
514 2833 682 2916 aliquanto
696 2833 818 2898 maiore
836 2855 981 2918 numero,
1000 2851 1133 2917 quami

92 2923 257 2990 decretum
289 2925 372 3006 erat,
404 2921 440 2986 in
465 2920 613 2986 Africam
644 2921 809 3006 profectus
840 2922 952 3006 paucis
984 2923 1097 2988 diebus

91 3011 225 3077 Uticam
247 3009 426 3074 advehitur.
472 3009 632 3074 exereitus
656 3011 686 3074 ei
708 3011 851 3075 traditur
875 3034 895 3074 a
916 3009 952 3075 P.
971 3009 1132 3076 Rutilios

92 3101 216 3188 legat03
246 3120 324 3163 nam
349 3096 501 3162 Metellus
533 3102 742 3182 conspectum
769 3097 854 3162 Mari
883 3098 1025 3184 fugerat,
1056 3121 1097 3163 ne

92 3189 218 3254 rideret
245 3209 296 3270 ea,
328 3207 410 3270 quae
437 3186 548 3251 audita
576 3187 702 3250 animus
730 3187 870 3251 tolerare
899 3188 1098 3271 nequiverat.

93 3277 148 3342 sed
171 3275 286 3342 consul
309 3274 446 3359 expletis
472 3274 657 3360 legionibus
685 3275 938 3359 cohortibusque
966 3275 1097 3339 aurilia-
1107 3278 1148 3342 8'1

93 3365 148 3430 riis
166 3365 203 3428 in
221 3383 337 3449 agrum
354 3361 495 3428 fertilem
511 3366 545 3427 et
562 3363 683 3447 praeda
700 3368 854 3428 onustum
871 3363 1098 3448 proficiscitur,

94 3453 202 3518 omnia
223 3451 271 3516 ibi
294 3454 390 3535 capta
412 3451 573 3516 militibus
597 3453 710 3535 donat3
732 3452 806 3516 dein
830 3453 965 3517 castella
987 3455 1020 3514 et
1043 3473 1097 3536 op

93 3543 167 3626 pida
188 3545 307 3606 natura
329 3543 363 3604 et
380 3539 458 3604 viris
476 3563 592 3624 parum
611 3541 737 3604 munita
755 3541 952 3626 aggreditur,
973 3541 1098 3623 proelia
