2754 4124
241 211 305 274 184
362 211 470 266 BELLI
487 210 630 266 GALLIOI
648 210 713 264 LIB.
729 210 788 266 VII.
816 209 894 266 OAP.
909 209 1246 265 amum-Lxxxx.

239 354 356 420 castris
375 353 543 420 Gallorum
566 353 653 436 fuga.
695 352 787 429 Quod
805 354 868 418 nisi
892 353 1013 418 crebris
1037 353 1189 418 subsidiis
1208 375 1248 417 ac

239 441 341 507 totius
356 441 419 506 diei
433 442 545 507 labore
563 441 683 506 milites
703 445 811 506 essent
830 441 956 525 defessi,
976 463 1088 506 omnes
1102 441 1247 506 hostium

205 546 220 594 7
239 530 350 614 copiae
373 530 472 594 deleri
493 529 684 614 potuissent.
719 529 769 594 De
788 529 893 595 media
910 533 1005 594 nocte
1024 531 1141 593 missus
1160 528 1248 613 equi·

239 622 328 682 tatus
340 617 554 682 novissimum
569 637 687 700 agmen
700 618 920 701 consequitur3
943 637 1080 701 magnus
1094 619 1251 681 numerus

241 707 367 790 eapitur
388 711 485 789 atque
508 705 714 787 interficitur,
736 704 852 788 reliqui
875 727 915 769 ex
937 704 1017 790 fuga
1039 706 1074 768 in
1096 705 1246 769 civitates

241 793 417 858 discedunt.

207 897 220 945 1
327 878 552 944 LXXXVHlI.
596 878 733 944 Postero
762 879 812 943 die
839 878 1089 965 Vercingetorix
1111 879 1247 944 consilio

241 972 417 1034 convocato
440 967 474 1031 id
495 967 618 1031 bellum
641 989 675 1032 sc
699 967 877 1051 suscepisse
900 989 967 1031 non
990 989 1120 1031 suarum
1138 987 1247 1029 neces·

206 1073 221 1120 a
242 1056 384 1139 sitatum,
407 1055 462 1119 sed
485 1056 665 1120 communis
688 1054 851 1120 libertatis
870 1077 967 1120 causa
986 1054 1196 1136 demonstrat,
1215 1057 1250 1116 et

241 1143 394 1228 quoniam
417 1143 460 1207 sit
482 1143 632 1207 fortunae
654 1142 843 1225 cedendum,
866 1143 906 1206 ad
928 1145 1099 1225 utramque
1122 1163 1189 1204 rem
1214 1163 1249 1204 se

241 1232 307 1296 illis
336 1230 464 1314 offerre,
493 1252 549 1294 seu
572 1235 676 1294 morte
700 1251 759 1293 sua
781 1230 936 1294 Romanis
961 1230 1041 1294 satis
1063 1229 1169 1294 facere
1192 1251 1250 1292 seu

206 1336 222 1384 a
241 1319 351 1384 vivum
373 1319 501 1382 tradere
523 1318 635 1382 velint.
675 1317 852 1382 Mittuntur
870 1318 908 1382 de
926 1317 977 1381 his
996 1318 1092 1382 rebus
1113 1315 1154 1380 ad
1172 1315 1250 1381 Cae·

242 1429 347 1472 sarem
377 1406 487 1490 legati.
540 1404 635 1470 Iubet
666 1427 756 1470 arma
784 1405 884 1487 tradi,
914 1405 1075 1490 principes
1105 1404 1249 1487 produci.

206 1495 316 1580 4lpse
338 1495 373 1558 in
395 1493 572 1558 munitione
595 1515 655 1576 pro
679 1492 794 1558 castris
818 1493 976 1577 consedit3
1000 1515 1037 1557 eo
1057 1492 1151 1556 duces
1175 1514 1250 1576 pro·
1374 1489 1375 1516 l

243 1584 410 1648 ducuntur.
463 1581 710 1668 Vercingetorix
742 1580 882 1665 deditur,
918 1603 1008 1646 arma
1039 1580 1250 1666 proiciuntur.

207 1687 223 1735 5
242 1669 428 1735 Reservatis
447 1668 568 1734 Aeduis
592 1673 688 1755 atque
707 1668 872 1752 Arvernis,
895 1670 923 1733 si
946 1691 1004 1754 per
1027 1689 1081 1732 eos
1100 1667 1249 1732 civitates

242 1757 421 1842 reciperare
448 1761 572 1840 posset,
604 1779 643 1822 cx
670 1757 802 1840 reliquis
830 1757 967 1842 captivis
994 1761 1066 1821 toto
1095 1755 1250 1820 exercitui

245 1846 353 1930 capita
377 1845 506 1930 singula
528 1845 666 1928 praedae
687 1845 817 1910 nomine
841 1845 1016 1910 distribuit.

209 1950 223 1998 1
331 1931 489 1996 LXXXX.
515 1931 577 1995 His
600 1932 696 1996 rebus
720 1933 874 1998 confectis
896 1934 931 1996 in
957 1933 1082 1996 Aeduos
1106 1931 1250 2015 proficis-

208 2021 340 2103 scitur,
363 2019 528 2084 civitatem
550 2019 674 2103 recipit.
717 2019 767 2085 Bo
789 2020 893 2105 legati
911 2020 952 2084 ab
971 2018 1126 2084 Arvernis
1148 2019 1250 2099 missi,

244 2129 325 2192 quae
347 2107 531 2191 imperaret,
555 2106 754 2171 redacturos
778 2107 979 2190 pollicentur.
1015 2105 1160 2190 Imperat
1182 2129 1250 2170 ma·

208 2213 225 2261 3
289 2218 345 2260 um
367 2216 537 2258 numerum
560 2194 718 2258 obsidum.
755 2194 913 2280 Legiones
932 2197 966 2258 in
983 2195 1120 2259 hiberna
1138 2194 1250 2258 mittit.

272 2283 457 2366 aptivorum
480 2281 608 2346 circiter
625 2300 673 2346 xx
692 2281 783 2346 milia
801 2282 922 2347 Aeduis
941 2282 1159 2366 Arvernisque
1181 2281 1250 2344 red-

209 2389 226 2436 4
245 2371 301 2435 dit.
337 2370 448 2434 Titum
465 2368 644 2434 Labienum
663 2369 787 2433 duabus
810 2392 883 2434 cum
905 2371 1088 2456 legionibus
1112 2373 1145 2434 et
1164 2369 1250 2452 equi·

245 2462 318 2523 tatu
335 2459 371 2522 in
389 2456 552 2541 Sequanos
571 2457 731 2541 proficisci
748 2457 851 2541 iubet;
870 2457 945 2522 huie
964 2457 1005 2522 M.
1025 2456 1251 2541 Sempronium

210 2562 226 2612 ὁ
245 2546 392 2610 Rutilum
416 2544 574 2610 attribuit.
611 2543 727 2610 Gaium
746 2543 881 2610 Fabium
899 2547 1043 2630 legatum
1066 2549 1099 2609 et
1117 2544 1251 2608 Lucium

244 2633 422 2698 Minucium
449 2632 597 2697 Basilum
624 2655 695 2698 cum
719 2633 903 2718 legionibus
931 2633 1055 2697 duabus
1083 2632 1118 2695 in
1140 2631 1251 2696 Remis

246 2721 393 2802 collocat,
414 2742 455 2784 ne
479 2743 575 2804 quam
599 2721 640 2785 ab
663 2720 811 2784 finitimis
830 2719 1011 2786 Bellovacis
1031 2719 1252 2785 calamitatem

211 2827 227 2874 a
247 2809 415 2893 accipiant.
444 2806 561 2872 Gaium
580 2807 761 2872 Antistium
781 2807 941 2891 Reginum
959 2808 994 2872 in
1014 2807 1252 2888 Ambiuaretos,

246 2895 357 2960 Titum
381 2893 526 2959 Sextium
553 2895 587 2960 in
609 2894 791 2981 Bituriges,
818 2895 934 2960 Gaium
962 2894 1129 2960 Caninium
1155 2894 1251 2958 Rebi·

211 2984 314 3048 ⁷lum
333 2983 367 3046 in
381 2983 525 3047 Rutenos
544 3004 616 3048 cum
640 2982 777 3068 singulis
801 2983 983 3069 legionibus
1007 2983 1119 3048 mittit.
1156 2980 1252 3056 Quin·
1310 3019 1316 3031 ·

246 3075 317 3136 tum
340 3069 482 3134 Tullium
505 3069 691 3135 Ciceronem
714 3076 748 3135 et
769 3069 920 3136 Publium
943 3070 1120 3156 Sulpicium
1143 3067 1252 3135 Cabil-
1324 3080 1330 3090 '

246 3157 314 3223 loni
337 3161 370 3222 et
392 3157 570 3223 Matiscone
593 3158 627 3222 in
649 3157 769 3223 Aeduis
794 3159 835 3222 ad
855 3160 986 3224 Ararim
1008 3159 1056 3223 rei
1078 3157 1253 3222 frumenta

246 3245 314 3310 riae
337 3267 434 3310 causa
456 3245 601 3311 collocat.
637 3244 711 3330 Ipse
734 3244 885 3312 Bibracte
907 3247 1051 3311 hiemare
1074 3245 1253 3310 constituit.

211 3349 227 3399 8
246 3333 308 3399 His
330 3334 419 3398 rebus
440 3354 478 3398 aa
503 3333 622 3397 litteris
646 3331 789 3400 Caesaris
816 3335 956 3421 cognitis
978 3333 1102 3400 Romae
1130 3333 1252 3398 dierum

246 3439 293 3486 xx
317 3420 510 3507 supplicatio
535 3420 687 3487 redditur.
