2758 4114
240 205 282 269 36
605 199 877 256 saturaremur

239 347 328 412 tione
364 348 554 431 prosecutus
586 365 716 409 omnem
751 347 902 408 senatum
938 344 979 409 ad
1010 365 1045 410 se
1076 344 1248 410 convenire

238 433 484 519 principumque
499 433 621 498 liberos
635 431 765 497 obsides
784 431 825 496 ad
843 452 878 496 se
893 431 1007 496 adduci
1024 431 1128 497 iussit.
1157 431 1247 509 Quae

205 523 349 588 somnia
379 522 421 586 ab
450 521 501 585 his
532 519 705 603 diligenter
734 519 775 584 ad
805 519 888 583 diem
917 519 1005 584 faeta
1034 524 1117 585 sunt.
1170 520 1247 606 Ipse

239 609 438 675 Divitiacum
471 607 618 672 Aeduum
650 627 769 690 magno
799 628 895 692 opere
927 608 1115 673 cohortatus
1144 609 1247 692 docet,

240 701 362 783 quanto
386 718 482 782 opere
505 695 553 760 rei
574 695 724 780 publicae
744 695 986 780 eommunisque
1009 696 1126 760 salutis
1149 696 1248 762 inter·

241 785 285 851 sit
302 807 417 850 manus
435 783 580 849 hostiurn
599 782 756 867 distineri,
778 804 818 847 ne
836 805 910 849 oum
928 787 1021 848 tanta
1039 784 1246 850 multitudine

206 891 304 940 tuno
328 877 474 957 tempore
492 871 728 956 confligendum
751 869 803 934 sit.
848 870 885 935 Id
904 871 974 936 fieri
996 872 1247 956 possesiones

239 961 349 1045 eopias
372 960 477 1024 Aedui
504 959 539 1024 in
567 959 648 1024 fines
675 957 922 1023 Bellovacorum
949 959 1186 1024 introduxerint
1212 965 1247 1026 et

205 1047 861 1220 iitt?atttrff’0ttttttttlt
879 1046 1247 1220 sllssaffldtssbiud

240 1247 340 1289 unum
369 1225 477 1289 locum
505 1227 634 1288 coaeter
664 1223 704 1287 ad
732 1244 767 1287 se
789 1221 897 1286 venire
924 1222 1021 1306 vidit,
1049 1244 1152 1308 neque
1178 1223 1246 1288 iam

240 1314 337 1398 longe
361 1313 489 1395 abesse,
512 1312 554 1376 ab
577 1311 634 1394 iis,
657 1331 738 1394 quos
760 1311 906 1394 miserat,
929 1311 1189 1396 exploratoribus
1212 1316 1247 1377 et

241 1401 282 1466 ab
305 1399 416 1465 Remis
439 1399 607 1484 cognovit,
629 1397 750 1462 flumen
765 1399 931 1483 Axonam,
953 1399 1039 1483 quod
1062 1399 1169 1464 estin
1192 1421 1245 1464 ex-

240 1488 353 1554 tremis
372 1488 546 1554 Remorum
568 1485 697 1570 finibus,
719 1485 894 1551 exereitum
911 1486 1079 1553 traducere
1102 1491 1246 1554 matura-

206 1577 289 1642 avit
312 1580 410 1661 atque
432 1575 479 1640 ibi
501 1578 610 1641 eastra
631 1574 750 1658 posuit.
795 1572 883 1650 Quae
905 1596 957 1640 res
980 1579 1014 1640 et
1036 1575 1122 1640 latus
1145 1579 1245 1641 dnum

240 1668 421 1730 castrorum
443 1663 523 1747 ripis
546 1661 687 1728 fluminis
711 1661 879 1727 muniebat
901 1666 947 1744 et,
969 1665 1046 1749 post
1067 1685 1141 1729 eum
1164 1686 1245 1750 quae

241 1755 362 1836 essent,
388 1755 462 1817 tuta
489 1751 531 1816 ab
560 1750 709 1816 hostibus
732 1749 887 1815 reddebat
909 1754 955 1836 et,
982 1758 1180 1816 commeatus
1202 1753 1245 1817 ab

242 1840 350 1905 Remis
368 1839 564 1924 reliquisque
582 1837 770 1903 civitatibus
793 1842 831 1903 ut
852 1838 922 1904 sine
939 1839 1084 1924 periculo
1107 1838 1148 1904 ad
1170 1861 1245 1905 eum
1373 1871 1374 1884 κ

206 1927 365 2010 oporteri
391 1931 538 2012 possent,
565 1925 735 1994 efficiebat.
778 1925 818 1990 In
840 1947 878 1991 eo
907 1926 1039 1991 flumine
1062 1947 1142 2010 pons
1165 1932 1245 1994 erat.

240 2016 291 2080 lbi
308 2014 505 2101 praesidium
551 2014 622 2079 onit
644 2017 678 2080 et
699 2014 734 2078 in
752 2014 857 2079 altera
874 2019 967 2099 parte
985 2014 1126 2080 fluminis
1145 2015 1244 2091 Quin-

222 2108 311 2168 -tum
338 2102 501 2167 Titurium
528 2037 684 2166 gabinum
711 2102 856 2188 legatum
879 2123 950 2168 eum
975 2123 1031 2167 sex
1056 2102 1244 2169 cohortibus

240 2191 407 2275 relinquit3
430 2194 538 2255 eastra
557 2189 593 2255 in
611 2189 814 2255 altitudilrem
832 2189 949 2274 pedum
967 2208 1019 2256 ΧΠ
1037 2190 1124 2256 vallo
1142 2189 1244 2256 fossa·

241 2300 302 2365 que
326 2278 549 2364 duodeviginti
570 2278 688 2363 pedum
711 2279 837 2343 munire
859 2278 957 2344 iubet.

207 2381 221 2430 1
329 2365 386 2432 Vl
417 2366 471 2430 Ab
500 2365 552 2430 his
579 2366 696 2431 eastris
729 2367 884 2452 oppidum
907 2366 1085 2450 ,Remorum
1114 2365 1243 2431 nomine

121 2475 124 2481 ·
240 2453 363 2519 Bibrax
395 2454 509 2518 aberat
540 2453 632 2518 milia
662 2476 817 2538 passuum
848 2457 931 2520 octo.
989 2453 1028 2519 Id
1059 2475 1098 2519 ex
1129 2455 1243 2520 itinere

206 2563 360 2695 23²5}ss
376 2539 1242 2716 „ttstttlsst⁰Pttt¹stt⁰3tt¹¹tqtttff

241 2738 357 2804 garum
380 2718 580 2802 oppugnatio
604 2721 655 2782 est
680 2716 768 2783 heea
822 2716 885 2783 Ubi
908 2718 1113 2783 circumiecta
1134 2715 1240 2781 multi·

240 2805 351 2870 tudine
380 2805 549 2870 hominum
577 2805 657 2870 totis
686 2806 854 2870 moenibus
884 2806 1024 2890 undique
1053 2807 1087 2870 in
1117 2825 1241 2870 murum

241 2893 365 2978 lapides
387 2893 450 2957 iaci
472 2893 580 2978 coepti
603 2896 678 2957 sunt
703 2915 878 2977 murusque
900 2893 1122 2958 defensoribus
1145 2893 1242 2958 nuda·

240 2986 293 3046 tus
317 2985 380 3062 est,
403 2981 564 3045 testudine
586 2980 674 3045 faeta
691 2984 803 3064 portas
832 2982 1028 3047 succendunt
1052 3003 1243 3065 murumque
1369 2987 1370 2990 ’

206 3069 408 3135 ssubruunr.
453 3067 546 3143 Quod
572 3071 644 3132 tum
666 3068 761 3133 facile
789 3069 897 3134 fiebat.
941 3069 1026 3134 Nam
1056 3092 1128 3135 oum
1152 3074 1244 3136 tanta

240 3155 414 3222 multitudo
444 3156 569 3241 lapides
599 3177 637 3221 ae
666 3156 734 3220 tela
763 3157 957 3239 oonioerent,
988 3157 1022 3222 in
1051 3179 1143 3222 muro
1171 3180 1243 3223 eon·

204 3245 376 3310 dsistendi
399 3248 545 3328 potestas
573 3247 643 3307 erat
665 3243 756 3308 nulli.
801 3242 883 3309 Cum
912 3246 1009 3309 finem
1036 3246 1243 3331 oppugnandi

239 3353 302 3397 nox
322 3331 460 3416 fecisset,
478 3331 581 3396 Iooius
601 3331 730 3415 ltemus,
753 3353 880 3396 summa
894 3334 1064 3398 nobilitate
1084 3339 1117 3398 et
1137 3335 1243 3420 gratia

239 3420 324 3483 inter
352 3440 441 3502 suos,
471 3419 527 3505 qui
554 3423 624 3483 tum
647 3418 766 3504 oppido
794 3419 991 3505 praefuerat,
1020 3444 1102 3487 unus
1127 3445 1165 3488 ex
1195 3423 1243 3508 iis,
1367 3505 1368 3508 Ἴ

161 3602 166 3612 .
240 3507 296 3592 qui
318 3506 421 3592 legati
439 3507 478 3588 de
500 3528 580 3594 paee
598 3506 640 3573 ad
658 3505 830 3573 Caesarem
848 3512 1013 3594 venerant,
1034 3511 1185 3577 nuntium
1202 3511 1244 3578 ad
