2754 4124
358 173 425 230 LIB.
444 174 505 231 Vll.
542 175 618 230 OAP.
637 174 893 232 LXVI-LXVIIII.
1076 177 1138 242 173

130 340 204 384 cnm
227 319 430 404 pedestribus
452 319 553 405 copiis
577 320 777 402 consederat,
800 325 1036 405 persequuntur
1054 344 1138 387 corn-

129 408 303 492 pluresque
320 407 525 473 interficiunt.
563 406 686 484 Quare
709 407 933 473 animadversa
951 409 1077 493 reliqui,
1096 432 1136 474 ne
1156 427 1172 476 e

129 495 383 576 circumirentur,
400 495 496 560 veriti
515 517 549 560 se
567 494 664 580 fugae
681 496 844 560 mandant.
882 495 1038 562 Omnibus
1058 499 1138 564 locis

129 585 168 648 fit
190 583 312 648 caedes.
348 582 427 648 Tres
450 583 646 648 nobilissimi
671 584 773 648 Aedui
797 584 885 670 capti
907 586 948 650 ad
967 584 1172 650 ansareurr

129 671 362 755 perducuntur:
381 669 490 755 (lotus,
508 672 690 754 praefectus
710 672 863 755 equitum,
881 673 937 757 qui
955 678 1138 739 controver-

130 759 214 824 siam
241 781 314 824 cum
343 758 593 824 Convictolitavi
620 761 776 844 proximis
804 761 944 826 comitiis
970 761 1138 844 habuerat,

130 850 165 912 et
188 845 377 931 (lararillus,
401 847 456 932 qui
478 851 554 931 post
576 847 787 912 defectionem
810 849 964 915 Litavicci
982 850 1137 934 pedestri·

130 937 192 1001 bus
211 935 312 1018 copiis
331 935 524 1018 praefuerat,
543 938 576 1000 et
594 935 803 1019 Eporedorix,
823 959 886 1021 quo
901 938 979 1002 duce
994 941 1069 1003 ante
1084 938 1137 1002 ad·

130 1026 264 1089 ventum
276 1021 422 1088 Caesaris
433 1022 538 1088 Aedui
548 1045 620 1088 cum
631 1022 788 1107 Sequanis
798 1024 884 1090 bello
897 1025 1138 1090 contenderant.

220 1109 366 1176 LXVIII.
384 1109 511 1196 Fugato
535 1111 623 1178 omni
646 1111 800 1196 equitatu,
819 1111 1066 1199 Vercingetorix
1089 1135 1139 1178 co·
1159 1129 1172 1176 1

89 1229 95 1238 ·
131 1200 213 1286 pias,
235 1203 273 1264 ut
299 1221 358 1284 pro
382 1199 497 1263 castris
520 1199 748 1282 collocaverat,
775 1201 903 1264 reduxit
925 1202 1138 1286 protinusque

132 1287 288 1371 Alesiam,
311 1285 396 1370 quod
420 1289 470 1350 est
493 1286 646 1370 oppidum
669 1287 925 1370 Mandubiorum,
948 1289 1011 1352 iter
1033 1289 1139 1354 facere

132 1375 240 1459 coepit
261 1375 470 1459 celeriterque
493 1374 724 1458 impedimenta
747 1397 786 1440 ex
804 1376 921 1440 castris
945 1376 1036 1442 educi
1053 1381 1087 1441 et
1105 1399 1139 1441 se

133 1463 287 1547 subsequi
317 1461 422 1527 iussit.
474 1460 593 1528 Caesar
622 1462 860 1546 impedimentis
893 1464 927 1528 in
956 1465 1174 1548 proximuma

132 1551 250 1618 collem
277 1550 435 1633 deductis,
463 1550 587 1616 duabus
614 1551 797 1636 legionibus
825 1551 988 1635 praesidio
1016 1553 1139 1618 relictis

134 1643 271 1721 secutus,
294 1642 451 1723 quantum
474 1638 537 1704 diei
559 1641 687 1722 tempus
710 1643 760 1703 est
777 1661 921 1722 passum,
939 1639 1066 1704 circiter
1083 1641 1141 1704 tri·

133 1728 194 1793 bus
223 1726 356 1792 milibus
379 1727 526 1793 hostium
547 1748 585 1791 ex
608 1727 784 1791 novissimo
808 1728 938 1811 agmine
960 1728 1140 1792 interfectis

134 1815 237 1880 altero
265 1815 317 1879 die
344 1814 385 1879 ad
407 1813 553 1879 Alesiam
580 1818 688 1878 castra
714 1813 801 1878 fecit
846 1815 1019 1900 Perspecto
1049 1815 1175 1881 urbisa

134 1903 199 1968 situ
213 1903 459 1988 perterritisque
473 1902 631 1984 hostibus,
650 1902 734 1986 quod
750 1901 905 1986 equitatu,
924 1925 987 1986 qua
1002 1903 1140 1968 maxime

133 1995 227 2076 parte
250 1991 407 2056 exercitus
426 1989 639 2072 confidebant,
663 1994 755 2054 erant
772 1991 867 2075 pulsi,
890 1991 1082 2058 adhortatus
1101 1991 1141 2057 ad

133 2081 280 2145 laborem
303 2079 422 2143 milites
446 2078 689 2144 circumvallare
711 2078 864 2146 instituit

223 2165 385 2232 LXVllII.
420 2165 532 2251 Ipsum
565 2171 635 2231 erat
665 2167 820 2251 oppidum
851 2167 963 2232 Alesia
993 2167 1027 2232 in
1059 2169 1172 2233 coller

134 2277 261 2321 summo
289 2254 461 2320 admodum
485 2254 572 2320 edito
595 2256 680 2338 loco,
710 2259 746 2318 ut
768 2256 832 2319 nisi
857 2255 1024 2320 obsidione
1047 2279 1143 2340 expu-

135 2344 231 2430 gnari
260 2365 327 2409 non
357 2364 453 2428 posse
484 2343 660 2426 videretur;
692 2344 782 2407 cuius
810 2343 904 2408 collis
932 2343 1056 2409 radices
1080 2344 1177 2409 duca

135 2433 261 2497 duabus
284 2454 322 2497 ex
344 2431 494 2516 partibus
516 2431 651 2496 flumina
673 2431 876 2496 subluebant.
921 2433 1007 2496 Ante
1029 2431 1062 2495 id
1086 2454 1142 2517 op·
1162 2449 1177 2496 3

134 2520 247 2606 pidum
273 2519 429 2604 planicies
457 2519 584 2585 circiter
610 2518 702 2583 milia
728 2540 882 2602 passuum
910 2538 949 2584 111
977 2519 1011 2583 in
1038 2521 1142 2605 longi·
1204 2554 1205 2558 =

135 2607 280 2674 tudinem
303 2607 450 2691 patebat3
477 2606 611 2692 reliquis
635 2628 672 2671 ex
697 2607 846 2671 omnibus
869 2608 1018 2692 partibus
1042 2609 1141 2672 colles
1161 2626 1178 2671 4

135 2695 288 2764 mediocri
310 2695 478 2761 interiecto
502 2696 608 2780 spatio
632 2694 703 2780 pari
726 2695 906 2759 altitudinis
929 2695 1063 2781 fastigio
1087 2718 1143 2780 op·

136 2783 247 2870 pidum
279 2783 460 2868 cingebant
520 2782 587 2848 Sub
619 2805 725 2866 muro,
757 2805 839 2867 quae
869 2805 946 2868 pars
978 2784 1070 2848 collis
1103 2784 1178 2848 ade

137 2871 294 2937 orientem
315 2871 418 2936 solem
441 2873 617 2955 spectabat,
643 2871 730 2936 hunc
753 2891 882 2936 omnem
903 2872 1009 2936 locum
1032 2873 1143 2959 copiae

137 2959 307 3025 Gallorum
337 2959 576 3042 compleverant
603 2957 790 3042 fossamque
820 2963 854 3024 et
883 2959 1057 3024 maceriam
1087 2983 1143 3025 sex

138 3047 399 3112 inaltitudinem
421 3047 538 3130 pedum
556 3047 800 3130 praeduxerant
845 3047 924 3112 Eius
944 3048 1142 3130 munitionis,
1163 3067 1179 3114 a

137 3157 220 3221 quae
253 3135 293 3200 ab
326 3134 481 3200 Romanis
512 3135 759 3219 instituebatur,
795 3135 947 3200 circuitus
982 3154 1020 3201 xl
1052 3137 1143 3200 milia

137 3245 292 3309 passuum
314 3224 454 3288 tenebat.
491 3221 609 3288 Oastra
632 3222 800 3308 oportunis
825 3224 905 3288 locis
924 3228 1018 3289 erant
1035 3224 1145 3308 posita
1164 3241 1179 3289 s

138 3312 247 3397 ibique
270 3312 405 3378 castella
427 3329 519 3376 xxm
537 3312 632 3394 facta,
654 3311 770 3395 quibus
789 3311 824 3376 iu
842 3311 985 3376 castellis
1004 3311 1145 3378 interdiu

139 3400 297 3465 stationes
311 3401 526 3482 ponebantur,
540 3421 581 3463 ne
599 3422 663 3484 qua
681 3399 788 3464 subito
808 3400 936 3483 eruptio
951 3401 1055 3484 fieret3
1068 3401 1146 3465 haec

138 3487 251 3552 eadem
260 3491 359 3553 noctu
367 3487 760 3553 excubitoribusacfirmis
768 3487 936 3573 praesidii
944 3488 1146 3554 tenebantur.
