2706 4122
262 227 324 290 108
588 228 617 283 G.
637 226 808 282 SALLUS'l'l
827 226 940 282 ca1s1³1

223 387 239 434 4
258 373 401 438 animum
426 374 548 437 adorta.
595 377 628 436 et
650 371 736 436 forte
759 372 794 436 in
817 394 855 436 co
878 373 951 436 loco
975 371 1106 458 grandis
1130 374 1195 436 ilex
1218 393 1271 437 co-

258 463 384 526 aluerat
401 462 487 526 inter
506 483 593 546 saxa,
615 461 750 545 paulum
768 461 865 525 modo
883 482 995 544 prona,
1019 460 1133 526 deinde
1150 459 1272 524 inflexa

258 552 356 634 atque
385 554 481 615 aucta
507 549 542 613 in
570 549 790 636 altitudinem,
823 570 887 632 quo
917 552 1033 614 cuncta
1063 549 1272 634 gignentium

256 643 375 704 natura
402 638 475 702 fert.
530 638 621 702 cuius
654 637 755 701 ramis
787 638 884 702 modo
921 638 1017 702 modo
1051 637 1271 702 eminentibus

259 727 345 791 saxis
369 727 460 790 nisus
483 725 585 812 Ligus
608 726 644 790 in
666 725 794 791 castelli
812 725 984 810 planitiem
1002 725 1159 811 pervenit,
1182 726 1272 810 quod

223 828 239 876 s
259 815 367 880 cuncti
389 813 551 879 Numidae
573 814 694 879 intenti
716 814 954 898 proeliantibus
974 814 1116 878 aderant.
1162 814 1272 898 explo-

258 904 339 968 ratis
368 904 532 986 omnibus,
560 925 643 986 quae
671 924 747 967 mox
767 903 848 967 usui
874 902 944 968 fore
972 903 1124 986 ducebat,
1157 902 1272 967 eadem

257 992 453 1078 regreditur,
475 1014 542 1056 non
563 995 699 1075 temere,
721 990 772 1055 uti
795 992 997 1074 ascenderat,
1024 991 1081 1056 sed
1103 994 1271 1075 temptans

223 1096 239 1144 o
259 1080 368 1145 omnia
390 1083 424 1144 et
442 1080 713 1163 circumspiciens.
745 1079 856 1163 itaque
874 1079 1016 1144 Marium
1033 1100 1171 1164 propere
1192 1079 1272 1164 adit,

260 1172 333 1233 acta
352 1168 474 1252 edocet,
491 1168 653 1251 hortatur,
672 1169 713 1232 ab
729 1189 768 1232 ea
780 1173 883 1252 parte,
902 1190 967 1252 qua
984 1168 1054 1252 ipse
1071 1167 1273 1252 ascenderat,

259 1257 431 1323 castellum
454 1259 603 1340 temptet,
626 1257 801 1340 pollicetur
825 1277 895 1320 sese
918 1256 1046 1320 itineris
1068 1256 1272 1340 periculique

224 1361 239 1409 7
259 1345 381 1410 ducem
426 1343 551 1410 Marius
574 1367 648 1410 cum
671 1343 792 1430 Ligure
819 1344 982 1446 promissa
1009 1345 1077 1408 eius
1101 1344 1272 1446 cognitum

259 1455 299 1498 ex
320 1433 547 1518 praesentibus
570 1433 670 1497 misit.
694 1454 832 1516 quorum
854 1433 905 1497 uti
924 1432 1079 1516 cuiusque
1102 1433 1272 1518 ingenium

259 1522 384 1605 erat,'
374 1525 515 1586 iterem
537 1521 705 1586 difficilem
727 1525 785 1585 aut
807 1520 938 1585 facilem
959 1521 1165 1605 nuntiavera;
1198 1543 1272 1586 con—

223 1625 239 1673 a
259 1573 343 1676 sulid
363 1611 490 1674 animus
514 1613 624 1674 tamen
646 1609 780 1694 paulum
799 1609 909 1674 adrect
894 1613 958 1674 tus.
990 1609 1102 1692 itaque
1120 1631 1159 1674 ex
1175 1611 1272 1694 eopia

259 1698 442 1764 tubicinum
465 1703 498 1763 et
521 1697 721 1763 cornicinum
743 1719 878 1762 numero
902 1697 1044 1781 quinque
1068 1719 1167 1781 quam
1185 1699 1272 1763 velo·

259 1787 418 1852 cissumos
451 1787 573 1871 delegit
604 1790 639 1850 et
670 1808 745 1850 cum
777 1787 837 1870 eis,
868 1785 1030 1870 praesidio
1064 1786 1121 1868 qui
1151 1785 1272 1870 forent,

259 1879 416 1959 quattuor
448 1874 661 1958 centuriatos,
693 1874 862 1958 omnisque
890 1872 1005 1960 Liguri
1036 1896 1150 1958 parere
1176 1875 1272 1940 iubet

206 1961 249 2027 94
259 1968 293 2028 et
316 1964 346 2028 ei
368 1963 502 2049 negotio
525 1984 720 2046 proxumum
743 1963 828 2028 diem
851 1961 1032 2027 constituit.
1070 1964 1126 2027 red
1148 1963 1208 2027 ubi
1231 1986 1272 2028 ex

258 2055 432 2136 praecepto
456 2055 585 2135 tempus
608 2051 728 2135 risum,
750 2051 876 2135 paratis
899 2051 1143 2135 conpositisque
1167 2053 1270 2116 omni-

258 2141 320 2206 bus
353 2140 393 2204 ad
424 2139 532 2205 locum
562 2140 679 2225 pergit.
725 2143 870 2205 ceterum
891 2139 955 2223 illi,
983 2137 1039 2224 qui
1067 2161 1084 2204 e
1113 2140 1270 2205 centuriis

259 2233 365 2311 erant,
395 2228 562 2313 praedocti
590 2229 734 2293 abduce
762 2249 853 2292 arma
881 2231 1097 2311 ornatumque
1125 2232 1270 2294 mutave

258 2321 345 2382 rant:
365 2317 471 2401 capite
490 2320 587 2401 atque
606 2317 742 2400 pedibus
760 2317 865 2400 nudis,
887 2316 937 2380 uti
955 2320 1147 2400 prospectus
1164 2317 1271 2381 nisus·

258 2404 641 2558 tetzltdltl
656 2404 1152 2578 {trtdtptdttdgttl
1166 2410 1270 2559 {tlt

819 2543 827 2576 ²

223 2587 293 2648 aet
316 2582 439 2647 offensa
461 2603 525 2665 quo
548 2582 652 2646 levius
676 2585 866 2666 streperent.
911 2581 1014 2666 igitur
1039 2583 1270 2667 praegrediens

259 2670 361 2756 Ligus
385 2691 463 2734 saxa
486 2673 520 2734 et
543 2670 571 2733 si
595 2691 675 2754 quae
694 2674 843 2735 vetustae
861 2669 985 2734 radices
1007 2670 1202 2755 eminebant,
1225 2671 1270 2736 la

260 2759 351 2844 queis
374 2758 546 2842 vinciebat,
570 2757 687 2843 quibus
712 2757 852 2823 adlevati
875 2757 996 2822 milites
1013 2757 1142 2823 facilius
1161 2779 1270 2824 escen·

259 2847 381 2930 darent,
394 2846 558 2911 interdum
568 2846 701 2911 timidos
710 2845 885 2911 insolentia
898 2845 1026 2910 itineris
1039 2847 1146 2912 levare
1156 2869 1270 2932 manu3

258 2935 315 3000 ubi
346 2935 443 3020 paulo
476 2935 622 3019 asperior
653 2956 805 3000 ascensus
833 2938 919 3018 erat,
952 2935 1098 3020 singulos
1124 2957 1203 3019 prae
1234 2957 1269 3002 se

258 3024 400 3088 inermos
419 3023 560 3108 mittere,
579 3022 720 3087 deinde
710 3045 781 3108 rpse
800 3045 874 3088 cum
891 2985 1024 3087 illorum
1043 3023 1142 3088 armis
1161 3025 1269 3110 sequi3

259 3133 341 3196 quae
364 3111 462 3176 dubia
484 3111 571 3176 nisui
593 3111 795 3196 videbantur,
820 3109 1021 3194 potissumus
1045 3115 1206 3196 temptare
1230 3135 1268 3178 ac

259 3200 387 3284 saepius
411 3201 522 3265 eadem
545 3200 720 3266 ascendens
744 3199 1016 3284 descendensque,
1048 3200 1123 3264 dein
1152 3201 1268 3266 statim

224 3289 442 3374 sdigrediens
471 3289 587 3354 ceteris
614 3289 782 3353 audaciam
805 3287 929 3352 addere.
974 3287 1078 3374 igitur
1104 3288 1159 3354 diu
1186 3291 1268 3354 mul-

258 3383 393 3461 tumque
421 3376 554 3462 fatigati
583 3377 715 3442 tandem
737 3377 772 3441 in
795 3377 965 3442 castellum
987 3377 1192 3461 perveniunt,
1216 3379 1268 3442 de

260 3469 382 3530 sertum
410 3465 451 3529 ab
475 3487 512 3529 ea
535 3470 641 3550 parte,
674 3466 760 3550 quod
792 3487 904 3530 omnes
937 3465 1022 3530 sicut
1051 3464 1124 3530 aliis
1152 3465 1266 3532 diebus

260 3553 432 3618 advorsum
455 3554 561 3618 hostis
586 3554 728 3619 aderant.
765 3553 888 3618 Marius
908 3554 964 3618 ubi
984 3576 1022 3618 ex
1040 3553 1163 3618 nuntiis
1184 3576 1266 3636 quae
