2706 4122
487 207 701 264 PRAEFATIO.
1045 211 1098 265 vn

84 359 272 434 Bellovacos,
290 357 464 433 Ambianos,
478 357 613 434 Nervios,
626 357 811 434 Aduatucos,
826 357 912 434 vicit3
930 360 1099 436 complures

82 447 226 508 civitates
245 445 434 505 Aremoricus
456 445 489 506 in
512 444 658 506 dicionem
684 446 806 522 accepit
845 445 907 505 Sub
925 446 1016 506 finem
1033 447 1098 506 eius

84 536 157 594 anni
172 553 241 594 cum
253 535 286 594 iu
299 534 422 592 Italiam
434 534 609 593 revertisset
621 534 723 611 ibique
736 535 834 611 primo
847 552 918 594 vere
931 551 999 593 cum
1012 535 1098 595 Pom·

84 625 153 700 peio
169 626 200 682 et
214 621 322 682 Crasso
335 626 441 699 pactus
456 625 543 694 esset,
557 625 593 681 ut
605 622 638 680 hi
647 623 735 682 ambo
749 622 939 682 consulatum
951 625 1099 700 peterent,

84 713 145 772 sibi
168 710 383 787 imperium·in
405 709 642 788 quinquennium
659 713 886 788 prorogaretur,
909 710 1000 770 tertio
1019 723 1125 770 annos

86 800 228 876 Venetos,
245 797 402 874 Venellos,
420 798 589 874 Aquitanos
608 798 736 874 subegit
772 797 886 868 Quarto
906 817 993 874 anno,
1012 799 1097 859 Pom-

84 889 153 965 peio
178 890 210 947 et
232 885 340 947 Crasso
363 904 449 963 coss,
471 886 596 963 imperio
620 887 657 946 ab
680 906 758 946 anno
777 884 863 946 DCC.
882 886 921 946 nd
938 904 965 946 a.
984 885 1097 948 DCCV.

83 978 260 1060 prorogato,
272 975 400 1052 pecunia
408 974 530 1051 publica
538 977 569 1034 et
583 974 685 1034 decem
698 975 807 1052 legatis
817 960 952 1052 decretis,
966 975 1098 1051 primum

84 1065 228 1141 Usipetes
243 1066 274 1123 et
288 1063 448 1123 Tencteros
463 1061 635 1138 Germanos,
654 1063 768 1140 deinde,
786 1065 947 1140 postquam
960 1064 1098 1123 Rhenum

83 1153 211 1214 transiit
228 1153 260 1212 et
277 1151 439 1211 Britannos
458 1151 575 1211 duobus
598 1150 720 1226 proeliis
743 1150 875 1228 fugavit,
898 1151 1030 1211 Morinos
1049 1151 1097 1211 de·
1112 1138 1158 1206 ro'

84 1243 169 1318 vicit,
187 1239 398 1315 Menapiorum
415 1239 490 1299 fines
508 1239 648 1299 vastavit.
685 1239 773 1299 Anno
792 1239 907 1316 quinto,
925 1237 1019 1316 DCC,
1038 1259 1097 1318 quo

83 1331 192 1391 eodem
214 1328 294 1388 Iulia
315 1327 379 1386 fllia
399 1345 499 1387 mense
523 1325 691 1403 Septembri
712 1329 833 1386 mortua
855 1330 916 1404 est,
938 1328 1036 1402 primo
1059 1329 1097 1388 ab

84 1417 221 1479 hibernis
238 1417 271 1476 in
288 1415 418 1492 Italiam,
437 1415 542 1474 deinde
561 1415 594 1474 in
611 1415 767 1492 Illyricum
784 1415 936 1491 profectus
955 1419 1009 1492 est,
1031 1419 1098 1475 tum

84 1505 227 1567 Treveris
245 1504 418 1581 Aeduisque
440 1503 556 1580 pacatis
579 1504 690 1562 iterum
708 1504 740 1562 in
758 1502 946 1562 Britanniam
963 1504 1097 1579 traiecit3

84 1596 127 1655 ibi
155 1593 335 1672 quibusdam
359 1593 500 1670 gentibus
526 1591 651 1652 devictis
673 1591 706 1650 iu
728 1591 859 1651 Galbam
880 1608 1017 1651 reversus
1036 1605 1138 1651 msa-1⁶

85 1703 180 1760 gnam
198 1681 312 1741 cladem
332 1681 447 1758 accepit
465 1681 503 1740 ab
525 1679 727 1755 Eburonibus,
744 1680 808 1756 ipse
821 1678 949 1738 Nervios
968 1681 1097 1740 cumbis

84 1775 116 1831 et
134 1769 304 1830 Aduatucis
325 1769 511 1846 profligavit,
532 1769 607 1828 item
628 1769 685 1827 hoc
708 1767 839 1827 auno'et
857 1767 927 1826 anni
946 1769 1097 1844 sequentis

86 1859 176 1919 initio
195 1856 326 1917 Senones
344 1860 376 1916 et
394 1857 539 1916 Treveros
562 1856 691 1933 pacavit
730 1855 818 1916 Anno
842 1858 925 1915 sesto
944 1855 1061 1933 legione
1080 1875 1099 1916 a

85 1945 229 2023 Pompeio
244 1947 366 2022 accepta
378 1945 489 2004 iterum
502 1945 640 2003 Rhenum
652 1944 781 2016 transiit,
795 1943 886 2020 paulo
900 1946 970 2020 post
983 1944 1098 2013 Eburo-

85 2057 161 2097 num
183 2035 294 2094 finibus
317 2033 481 2094 devastatis
505 2033 537 2092 in
554 2033 674 2092 Italiam
693 2033 824 2093 revertit
863 2031 950 2092 Anno
969 2033 1097 2110 septimo
1111 2045 1138 2086 so

87 2124 192 2186 Gallos
207 2121 454 2201 Vercingetorige
469 2121 543 2180 duce
562 2121 659 2180 denuo
677 2121 867 2196 rebellantes,
885 2122 1046 2197 postquam
1060 2121 1098 2180 ad

87 2211 269 2290 Gergoviam
293 2229 434 2288 magnam
459 2210 575 2269 cladem
600 2209 729 2285 accepit,
754 2209 793 2267 ad
818 2208 953 2267 Alesiam
978 2209 1097 2270 devicit

87 2304 176 2361 Anno
196 2301 302 2358 octavo
321 2316 372 2358 eas
391 2302 496 2377 gentes
516 2296 632 2357 Galliae
651 2297 774 2366 devicit,
792 2314 869 2372 quae
891 2297 1025 2356 nondum
1046 2317 1098 2374 pa·
1160 2351 1164 2358 .

87 2393 173 2449 cates
191 2390 287 2460 erant,
303 2387 435 2462 primum
447 2385 610 2462 Bituriges,
624 2383 778 2456 Carnutes,
793 2385 977 2462 Bellovacos,
992 2385 1098 2446 deinde

87 2479 265 2538 Eburonum
281 2474 391 2534 finibus
409 2474 520 2534 iterum
533 2473 697 2534 devastatis
711 2473 822 2548 Andes,
840 2471 1029 2534 Uxelloduno
1048 2493 1096 2533 ex·
1111 2485 1138 2526 ²5

88 2567 224 2644 pugnato
238 2563 384 2624 Treveros
399 2566 430 2623 et
442 2562 620 2640 Aquitanos,
639 2561 775 2638 denique,
794 2561 865 2620 dum
882 2562 1048 2638 paullisper
1065 2563 1097 2622 in

88 2653 249 2715 Provincia
261 2655 396 2712 moratus
409 2651 441 2710 in
450 2650 557 2727 Belgio
571 2650 694 2724 hiemat,
708 2649 877 2708 Atrebates.
913 2649 1000 2709 Nono
1015 2651 1096 2710 deni-

88 2762 147 2821 que
170 2759 247 2801 anno
271 2737 380 2799 Caesar
401 2739 589 2799 humanitate
615 2737 648 2796 in
676 2737 807 2798 demotos
831 2736 947 2797 Galliae
969 2740 1098 2815 populos

88 2849 161 2891 usus
179 2827 326 2888 'hibernis
358 2827 488 2903 peractis
520 2827 552 2886 in
585 2825 706 2885 Itaham
739 2825 866 2886 revertit
904 2843 939 2885 ac
973 2828 1097 2887 summis

88 2919 200 2995 ubique
217 2914 380 2976 honoribus
399 2918 538 2991 acceptus
558 2917 616 2991 est3
631 2913 737 2972 deinde
752 2931 870 2973 omnem
884 2915 1049 2974 exercitum
1066 2917 1099 2974 in
1111 2927 1139 2968 so

88 3007 198 3066 finibus
217 3005 415 3063 Treverorum
432 3003 583 3064 lustravit.

178 3094 290 3154 Romae
313 3091 435 3152 interim
459 3111 485 3151 a
515 3089 631 3151 DCCH.
672 3089 844 3166 Pompeius,
870 3109 947 3150 anno
971 3094 1042 3168 post
1059 3091 1097 3151 M.

89 3182 234 3244 Claudius
251 3181 422 3258 Marcellus,
439 3182 564 3256 uterque
578 3179 691 3254 consul,
708 3196 777 3238 cum
791 3177 913 3238 Caesari
925 3197 1098 3239 concessum

88 3275 181 3344 esset,
202 3273 239 3330 ut
261 3269 368 3329 absens
390 3269 580 3330 consulatum
597 3269 726 3344 peteret,
744 3267 891 3344 tulerant,
908 3286 946 3326 ne
964 3267 1097 3340 absentis

88 3360 167 3420 ratio
186 3359 360 3435 haberetur3
378 3358 458 3418 bello
477 3355 592 3417 Gallico
612 3354 776 3432 composito
791 3355 913 3432 Pompei
927 3355 1016 3414 amici
1030 3355 1098 3414 effe·
1111 3367 1139 3408 ee

88 3449 208 3523 cerunt,
231 3450 267 3506 ut
292 3443 412 3507 Caesari
435 3445 512 3506 duae
534 3444 668 3523 legiones
692 3443 879 3520 eriperentur
896 3443 1097 3520 Pompeioque

88 3537 278 3598 adderentur.
