2686 4108
29 2561 34 2568 ‘
99 2549 206 2604 bellurn
218 2549 354 2604 Punicum

551 10 580 46 O

441 209 557 264 INDEX
574 209 757 264 NOMINUM.

97 369 191 440 Appia
211 385 298 440 prope
315 369 483 424 Volturnum
501 367 528 422 fl.
548 369 578 421 et

98 441 221 495 Tifatam
252 442 391 508 montem,
423 438 473 492 ubi
503 454 577 492 nunc

99 514 164 565 sunt
176 509 333 580 parietinae
353 508 465 564 nomine
475 509 501 565 S.
513 509 575 563 Mc·

97 584 143 637 sia
161 585 192 637 di
212 581 305 651 Capsa
325 583 361 650 (v.
376 578 575 648 Casilinum)

97 652 128 706 in
138 653 249 708 Casertc
262 650 321 704 sive
333 651 418 705 Terra
428 651 459 705 ds'
467 649 576 705 Laboro

97 721 247 862 bittit
265 719 480 862 <eserici
496 717 577 858 a}

248 833 254 846 ·
486 833 493 858 s

98 861 190 917 coloni
212 861 275 932 lege
296 861 369 916 iulia
393 877 410 914 a
446 860 507 914 aria
529 860 577 914 de·

98 932 177 986 ducti
186 931 416 988 eranta.U.c.DC
439 929 576 985 XXXXV.

99 1035 130 1044 —
151 1003 181 1058 L.
199 1002 316 1058 Roscius
333 1005 447 1072 praetor
465 1018 528 1056 cum
546 999 575 1056 D.

98 1073 217 1128 Caesare
249 1073 428 1128 adulescente
455 1088 488 1127 eo
515 1087 577 1142 per·

98 1143 189 1211 venit,
225 1143 322 1212 ibique
354 1160 417 1198 cum
450 1141 578 1198 consules

98 1213 316 1284 Pompeiumque
338 1211 504 1280 invenisset,
527 1229 578 1282 po-

99 1285 206 1340 stulata
224 1283 352 1340 Caesaris
369 1283 528 1349 renuntiat3
546 1282 576 1337 L.

99 1355 243 1410 Cornelius
251 1354 386 1408 Lentulus
396 1354 464 1410 Crus
481 1352 579 1408 consul

99 1425 205 1480 dilectu
222 1424 264 1479 ibi
282 1425 381 1479 habito
395 1423 577 1494 gladiatores,

98 1513 168 1566 quos
183 1496 287 1551 Caesar
304 1495 345 1549 ibi
363 1495 393 1549 in
411 1495 478 1549 ludo
491 1493 577 1548 habe-

92 1567 161 1634 bat,
187 1565 266 1634 equis
285 1564 431 1620 attributis
450 1581 480 1619 se
499 1565 578 1632 sequi

97 1636 189 1705 iubet,
212 1639 313 1706 postea
331 1635 436 1690 circum
453 1633 577 1688 familias

98 1709 251 1762 conventus
279 1707 392 1776 Capuae
419 1704 576 1770 distribuit,

97 1779 135 1832 M.
150 1777 260 1832 Coelius
273 1777 363 1831 Rufus
381 1779 495 1846 praetor
512 1775 578 1828 inde

98 1847 267 1912 excluditur;
281 1848 318 1903 M.
329 1844 491 1902 Sacrativiri
500 1844 578 1914 equi-

98 1917 136 1972 tis
167 1916 300 1985 Romani,
332 1916 382 1986 qui
409 1915 579 1984 sequebatur

100 1987 227 2042 Caesaris
244 1990 348 2057 partes,
366 1986 468 2056 patria.

135 2056 340 2124 Caralitani,
354 2057 375 2123 Ι,
386 2064 428 2125 30,
438 2073 460 2125 4,
469 2055 578 2111 incolae

100 2126 577 2198 CaralissiveCaralium(n0m.

101 2197 154 2266 -is,
173 2201 244 2266 -es),
262 2197 363 2268 capitis
377 2197 523 2252 Sardiniae
536 2196 578 2250 in·

100 2268 186 2337 sulae,
205 2267 254 2323 siti
270 2267 417 2322 meridiem
430 2284 527 2322 versus
541 2267 579 2321 ad

99 2339 203 2393 fretum
228 2341 258 2394 et
281 2337 505 2409 promuntmium
533 2353 578 2392 co-

101 2410 165 2464 dem
190 2408 315 2478 nomine,
344 2408 451 2464 conditi
473 2425 491 2462 a
513 2407 578 2463 Car-

99 2478 325 2548 thaginiensibus
356 2477 579 2605 (gwliffiffimum

388 2566 419 2604 ar
481 2566 580 2604 acum

101 2619 213 2676 Corsica
222 2619 252 2673 in
267 2619 427 2690 provinciae
436 2621 579 2676 Romanae

99 2691 219 2746 formam
228 2691 363 2759 redacta),
372 2708 446 2744 nunc
456 2691 580 2762 Caplicrs'

101 2761 192 2832 (regni
213 2759 307 2814 Italici
330 2761 526 2831 praefectura),
545 2791 579 2801 -

99 2833 137 2888 M.
149 2832 261 2888 Cottam
275 2830 350 2900 (vide
359 2831 521 2885 Aurelius
530 2831 578 2901 b),

99 2903 150 2958 ubi
166 2901 312 2957 Valerium
331 2901 458 2970 legatum
476 2917 494 2954 a
511 2900 579 2956 Cae·

101 2989 162 3028 sare
186 2973 223 3028 ad
248 2989 278 3028 se
302 2971 380 3026 mitti
404 2971 578 3041 audiverunt,

101 3043 212 3100 eiciunt.

48 3161 50 3165 ,
137 3112 578 3182 Carmonenses,H,19,s‚in-

102 3183 180 3238 colae
211 3182 386 3240 Carmdnis
421 3182 468 3251 (al.
501 3182 579 3237 Car-

100 3259 245 3324 mdnae),
278 3253 376 3325 oppidi
403 3253 461 3308 fers
492 3252 580 3308 medii

99 3323 255 3393 Hispaniae
277 3324 410 3380 Baeticae
433 3323 579 3394 (Turdeta-

100 3397 223 3464 norum),
255 3394 303 3449 siti
334 3395 479 3464 aliquanto
506 3393 580 3447 infra

1 3495 12 3528 μ
100 3465 213 3519 Baetim
230 3464 265 3533 fl,
291 3465 341 3520 ubi
352 3483 432 3520 ,nunc
450 3467 494 3520 est
514 3464 579 3520 Car·

1 3547 2 3552 ’
99 3554 183 3592 meaa
192 3535 327 3606 oppidum
335 3535 506 3591 Andalusiae
521 3534 579 3590 sive

1044 209 1106 274 149

630 366 751 422 Sevillae
773 367 933 437 provinciae
957 368 1038 437 regni
1058 368 1108 423 Hi·

630 437 746 507 spanici,
767 439 805 492 ΙΠ
824 439 951 494 cohortes
970 456 987 493 a
1005 439 1042 494 M.
1057 440 1107 494 Te·

628 508 720 562 rentio
737 509 863 563 Varrone
883 509 979 579 legato
993 509 1109 579 Pompei

629 577 764 648 praesidii
782 595 868 632 causa
885 579 915 632 in
933 596 997 634 arcs
1011 579 1109 650 oppidi

630 649 783 703 collocatas
814 649 919 704 eiciunt
956 653 1108 721 portasque

629 719 823 788 praecludunt.

666 789 867 858 Casilinum,
882 791 929 858 III,
940 796 1012 860 21,5,
1030 791 1108 860 oppi-

631 859 697 914 dum
711 859 881 929 Campaniae
895 861 932 914 ad
941 861 1109 916 Volturnum

629 929 656 984 fl.
675 931 759 1000 paulo
775 948 859 1000 supra
873 931 998 1001 Capuam
1012 932 1041 985 in
1055 932 1110 986 Via

630 999 723 1069 Appia
742 1001 841 1069 situm,
861 1001 910 1056 ubi
928 1002 1020 1057 medio
1040 1019 1108 1056 aero

630 1071 744 1126 ineunte
758 1071 872 1126 condita
889 1073 1036 1128 sstNova
1050 1073 1109 1128 Ca-

629 1157 708 1212 pua;
744 1158 818 1196 nunc
851 1143 943 1224 Capsa
974 1143 1109 1213 oppidum

813 1213 1006 1338 resissia
1020 1216 1110 1338 aa

631 1352 756 1422 Capuam
764 1352 855 1406 iturus
864 1353 1030 1422 proditionis
1045 1372 1110 1409 con-

631 1423 694 1477 silio
704 1423 848 1492 patefacto
857 1423 912 1478 iter
920 1424 986 1480 inde
998 1425 1108 1480 avertit.

630 1493 663 1548 V.
683 1493 805 1563 Capua.

667 1567 703 1633 a.)
718 1563 747 1619 C.
758 1563 1109 1634 Cassius(Longinus),

631 1634 679 1702 III,
694 1639 719 1702 t,
735 1651 755 1690 s.
776 1640 836 1703 101,
852 1651 871 1690 1.
882 1649 951 1702 s—s,
971 1633 1109 1706 [Caesaris

630 1703 814 1776 interfector,]
833 1704 882 1773 qui
898 1721 948 1774 pro
963 1708 1109 1772 quaestore

631 1792 694 1829 curn
712 1775 749 1829 M.
768 1775 875 1830 Licinio
899 1775 998 1830 Crasso
1017 1775 1110 1829 Divite

630 1844 661 1898 in
688 1845 797 1914 Syriam
824 1845 966 1915 profectus
991 1861 1016 1899 a.
1035 1846 1068 1900 U.
1087 1863 1109 1899 c.

630 1914 729 1982 DCCI,
743 1918 894 1985 postquam
908 1932 971 1970 cum
983 1915 1110 1984 reliquiis

632 1985 770 2040 exercitus
789 1986 849 2040 eius
868 2002 898 2039 se
916 2003 950 2040 ex
964 1985 1044 2040 clade
1059 1987 1110 2040 ori-

631 2055 702 2126 puit,
720 2055 894 2126 provinciam
911 2055 991 2109 illam
1009 2073 1027 2109 a
1044 2057 1111 2110 Par-

631 2127 744 2181 thorum
757 2125 962 2181 incursionibus
976 2126 1110 2195 defendit,

632 2198 745 2252 eosdem
756 2214 779 2252 a.
787 2197 903 2252 DCCHI.
914 2195 1018 2251 devicit
1024 2214 1111 2266 prope

631 2267 822 2334 Antiochiam
848 2285 874 2322 a.
892 2267 994 2322 DCCV.
1014 2285 1111 2336 augur,

630 2337 882 2408 tribunusplebis,
900 2338 1013 2406 legatus
1031 2338 1110 2391 Pom*

632 2407 858 2478 pei-Syriacis
868 2408 987 2462 navibus
996 2407 1112 2476 Pompei

632 2481 757 2548 praeest3
802 2478 949 2532 dimidiam
985 2477 1111 2532 Caesaris

634 2549 753 2604 classem
793 2547 1034 2620 (Pomponianam)
1075 2549 1112 2601 ad

633 2622 792 2674 Messanam
819 2618 958 2686 incendit,
986 2621 1047 2672 tum
1075 2620 1112 2672 ad

633 2689 771 2744 Vibonem
781 2705 798 2742 a
807 2688 970 2758 Sulpiciana
983 2689 1073 2744 classa
1081 2689 1127 2744 in.

633 2759 731 2830 fugam
745 2760 886 2815 coniectus
901 2759 1015 2828 cognita
1031 2760 1111 2814 clade

633 2829 797 2885 Pharsalica
824 2829 952 2885 discedit.
994 2830 1111 2900 (Deinde

634 2900 761 2956 Caesaris
786 2901 912 2970 legatus,
936 2900 986 2955 sed
1004 2901 1040 2954 ab
1058 2901 1111 2954 boc

633 2971 820 3039 abalienatus,
836 2970 954 3026 Caesare
963 2970 1111 3025 interfecto

632 3041 722 3096 Roma
736 3041 874 3110 discessit,
892 3044 958 3111 post
974 3041 1112 3111 proelium

631 3111 790 3167 Mutinense
809 3111 916 3180 Syriam
938 3111 1111 3182 provinciam

632 3181 767 3251 obtinuit,
786 3182 963 3238 Dolabellam
982 3182 1111 3235 adversa-

631 3253 704 3307 rium
719 3253 756 3307 ad
769 3252 937 3308 Laodiceam
951 3251 1062 3320 devicit,
1082 3251 1112 3305 in

631 3321 1112 3462 restitissent

633 3470 706 3533 18,1.
726 3469 799 3532 aas.
818 3470 861 3532 21,
871 3479 891 3517 s.
910 3464 956 3532 VI,
967 3469 991 3530 1,
1003 3479 1035 3518 14.
1051 3437 1111 3536 VII:

633 3540 675 3604 21,
691 3552 711 3590 a
731 3540 773 3604 23,
789 3551 808 3590 1.
828 3540 870 3589 24.
890 3539 932 3588 at.
951 3535 1103 3603 VIIH,1.4
