2754 4124
264 199 326 260 144
630 196 737 252 sunm
755 196 900 252 cremor

257 341 534 426 oppugnationem
558 341 674 426 differt,
698 362 844 425 quaeque
864 340 906 406 ad
925 363 996 406 eam
1014 363 1084 406 rem
1102 341 1176 406 usui
1195 342 1271 426 sint,

222 429 682 602 alluebatur
696 429 792 600 aab
810 426 1353 583 restaurasse

257 605 333 690 pido
366 605 592 690 profugerent,
624 521 792 670 duait,
733 605 879 690 legiones
910 567 947 670 ιιι
977 605 1077 670 armis
1110 542 1272 671 excubaie

223 695 357 759 liubet.
397 692 601 758 Cenabenses
620 693 718 777 paulo
737 697 812 757 ante
831 692 970 758 mediam
989 697 1118 758 noctem
1137 694 1271 759 silentio
1353 773 1354 776 Ἴ

222 800 296 847 sex
319 781 439 867 oppido
463 782 586 866 egressi
608 781 729 846 flumen
751 781 892 845 transim
915 785 1098 864 coeperunt.
1139 780 1272 857 Quare

256 891 315 955 per
342 870 564 953 exploratores
591 869 744 933 nuntiata
776 867 895 933 Caesar
922 869 1081 955 legiones,
1109 891 1188 953 quas
1218 891 1272 934 ex·

160 1027 162 1032 ,
256 957 383 1043 pedites
407 978 477 1022 esse
500 957 648 1042 iusserat,
671 956 775 1039 portis
798 957 938 1022 incensis
960 957 1152 1022 intromittit
1171 963 1272 1042 atque

257 1045 376 1130 oppido
403 1045 529 1128 potitur
556 1044 725 1129 perpaucis
754 1066 793 1110 ex
820 1046 964 1110 hostium
985 1066 1120 1110 numero
1144 1045 1272 1111 deside
1354 1059 1355 1110 3

258 1133 348 1216 ratis,
372 1133 450 1217 quin
472 1132 579 1196 cuncti
603 1137 803 1216 caperentur,
827 1132 912 1216 quod
931 1133 1042 1217 pontis
1060 1137 1157 1218 atque
1175 1135 1273 1199 itine-

222 1240 238 1287 ι
258 1243 330 1285 rum
349 1221 520 1303 angustiae
539 1219 757 1284 multitudinis
775 1219 888 1304 fugam
907 1221 1165 1286 intercluserunt.
1207 1222 1273 1308 Op·

258 1309 370 1394 pidum
389 1308 500 1393 diripit
520 1312 617 1392 atque
635 1308 787 1391 incendit,
809 1308 963 1392 praedam
983 1309 1141 1374 militibus
1160 1309 1272 1392 donat,

258 1397 433 1461 exercitum
456 1395 606 1480 Ligerem
633 1396 775 1461 traducit
803 1399 899 1480 atque
921 1396 957 1460 in
979 1395 1164 1482 Biturigum
1188 1399 1272 1464 fines
1355 1380 1356 1464 t

224 1591 238 1638 1
258 1489 417 1637 pervelinli
454 1571 716 1654 Vercingetorix,
738 1571 795 1635 ubi
812 1571 851 1635 de
874 1569 1021 1637 Caesaris
1051 1572 1192 1638 adventu
1220 1596 1272 1639 co·

259 1657 387 1746 gnovit‘,
419 1660 661 1745 oppugnatione
691 1659 885 1724 destititt
851 1663 947 1743 atque
980 1659 1110 1724 obviam
1138 1659 1271 1726 Caesari
1356 1714 1357 1726 ,

223 1767 239 1815 a
259 1748 481 1833 profic11c1tur
522 1748 583 1812 Ille
607 1747 761 1832 oppidum
783 1745 969 1833 Biturigum
992 1748 1169 1832 positum
1160 1771 1195 1812 m
1218 1750 1273 1814 via

224 1836 489 1904 aNoriodunum
522 1857 710 1920 oppugnare
737 1835 932 1899 instituerat.
984 1833 1054 1910 Quo
1082 1858 1122 1900 ex
1149 1838 1271 1936 oppido

260 1948 332 1991 cum
360 1925 462 2010 legati
436 1923 532 1987 tad
560 1946 632 1987 eum
656 1924 820 1988 venissent
850 1926 923 1987 orat
924 1945 994 2006 um,
1016 1927 1054 1987 ut
1077 1923 1171 1988 sibi
1162 1945 1272 2009 ignos-

260 2017 346 2079 ceret
374 2033 514 2096 suaeque
542 2012 628 2076 vitae
656 2011 852 2092 consuleret,
878 2013 916 2074 ut
939 2011 1105 2076 celeritate
1128 2013 1271 2096 reliquas

260 2123 312 2166 res
344 2100 529 2182 conficeret,
561 2121 624 2183 qua
654 2101 807 2182 pleraque
839 2102 910 2162 erat
942 2104 1147 2182 consecutus,
1179 2122 1272 2164 arma
1357 2119 1358 2142 ¹

224 2205 242 2253 ι
260 2189 409 2271 conferri,
432 2208 531 2271 equos
550 2187 694 2271 produci,
716 2186 844 2251 obsides
864 2186 933 2250 dari
952 2186 1052 2252 iubet.
1088 2187 1186 2252 Parte
1204 2189 1271 2252 iam

261 2277 411 2341 obsidum
438 2275 572 2356 tradita,
601 2296 674 2338 cum
701 2273 827 2358 reliqua
854 2273 1173 2359 administrarentur,
1201 2298 1272 2340 cen-

260 2365 443 2430 turionibus
474 2366 508 2426 et
534 2363 646 2446 paucis
674 2361 833 2426 militibus
862 2361 1072 2446 intromissis,
1100 2365 1154 2446 qui
1179 2386 1272 2428 arma

261 2453 469 2534 iumentaque
479 2450 713 2533 conquirerent,
728 2449 892 2532 equitatus
902 2449 1046 2514 hostiurn
1058 2451 1171 2534 procul
1182 2452 1271 2516 visus

224 2545 324 2624 cest,
359 2539 413 2622 qui
441 2559 559 2623 agmen
586 2535 864 2621 Vercingetorigis
892 2540 1118 2602 antecesserat.
1169 2537 1272 2613 Quem

262 2628 359 2692 simul
396 2629 493 2709 atque
528 2625 682 2709 oppidani
717 2629 954 2708 conspexerunt
987 2629 1085 2710 atque
1114 2626 1149 2689 in
1181 2649 1273 2711 spem

264 2715 376 2780 auxilii
399 2717 565 2796 venerunt,
588 2713 729 2778 clamore
753 2713 883 2777 sublato
903 2734 994 2777 arma
1012 2735 1136 2797 capere,
1158 2719 1272 2796 portas

223 2819 242 2867 c
262 2801 419 2885 claudere,
441 2823 568 2866 murum
592 2801 754 2882 complere
777 2804 961 2882 coeperunt.
1002 2799 1215 2866 Centuriones
1239 2803 1274 2866 in

261 2890 394 2973 oppido,
421 2911 495 2953 curn
523 2911 561 2952 ex
589 2887 825 2971 significatione
850 2886 1021 2952 Gallorum
1048 2889 1126 2954 novi
1149 2889 1273 2974 aliquid

262 2978 303 3042 ab
335 2977 376 3041 iis
406 2976 482 3040 iniri
514 2975 641 3040 consilii
675 2975 926 3058 intellexissent,
957 2975 1074 3062 gladiis
1108 2976 1273 3044 destrictis

158 3115 165 3130 .
261 3068 374 3150 portas
406 3065 644 3148 occupaverunt
672 3083 811 3146 suosque
840 3085 952 3128 omnes
981 3063 1160 3129 incolumes
1188 3087 1273 3132 rece-

285 3156 387 3217 erunt

227 3177 282 3305 lp
349 3239 438 3305 XIII.
481 3237 600 3305 Caesar
633 3260 673 3302 ex
704 3239 820 3303 castris
850 3239 1032 3323 equitatum
1060 3241 1151 3306 educi
1173 3242 1275 3325 iubet,

261 3330 420 3412 proelium
448 3329 598 3476 equestre
630 3327 791 3390 commit
792 3327 1119 3410 t;laborantibus
1109 3352 1176 3394 ram
1206 3333 1275 3397 suis

262 3415 442 3481 Germanos
476 3416 565 3498 equit
567 3435 600 3478 es
634 3413 761 3478 circiter
791 3430 876 3480 coco
907 3414 1108 3568 submittit,
1119 3439 1200 3502 quos
1234 3421 1274 3484 ab

223 3521 242 3568 a
261 3504 354 3568 initio
373 3503 494 3568 habere
513 3523 622 3566 secum
640 3501 837 3566 instituerat
864 3499 1015 3565 Eorum
1005 3507 1108 3586 impet
1111 3527 1164 3570 um
1186 3505 1274 3572 Galli
