2718 4124
242 169 305 226 m
517 169 566 223 DE
584 169 613 224 0.
634 169 829 225 moenio
848 170 973 226 celero

243 318 399 396 quippiam
421 337 525 379 eorum
546 319 659 378 falsum
681 323 737 398 est,
759 320 806 380 his
827 321 931 398 palam
952 321 1067 400 refelle,
1089 326 1177 400 unde,
1200 325 1253 401 qui

241 407 331 467 modo
352 425 390 466 ue
412 411 569 484 paternam
591 406 715 484 quidem
734 407 858 468 domum
875 409 1022 470 redimere
1038 412 1184 489 potueris,
1207 431 1254 471 re·

241 499 332 573 pente
349 499 506 573 tamquam
518 497 634 556 somnio
647 496 756 556 beatus
770 497 874 558 hortos
887 498 1131 579 preciosissimes,
1148 501 1255 561 villam

241 586 274 644 in
295 583 417 644 'liburti
437 581 470 644 O.
493 582 643 663 Caesaris,
664 584 798 662 reliquas
819 587 1022 663 possessiones
1043 589 1206 665 paraveris.

307 707 379 769 Sall.
403 707 466 768 Gal.
490 711 517 782 4,
540 710 568 768 1.
591 711 628 767 2.-

307 795 404 874 igitur
425 796 479 855 ubi
506 795 624 856 animno
651 815 688 855 ex
714 796 819 856 multis
841 797 971 858 miseriis
994 803 1087 876 atquo
1109 801 1253 877 periculis

242 885 392 962 requievit
414 887 446 944 et
472 884 546 943 mihi
567 883 717 961 reliquam
743 887 875 946 aetatem
898 904 917 945 a
938 905 971 946 re
1001 887 1124 964 publica
1144 891 1252 966 procul

241 973 411 1035 habendam
433 972 553 1034 decrevi
571 1019 578 1032 .
594 1019 601 1032 .
616 1018 637 1052 .‚
665 991 684 1031 a
706 991 767 1049 quo
793 973 912 1050 incepto
934 975 1095 1052 studioque
1117 996 1166 1036 me
1189 997 1250 1037 am·

243 1060 317 1122 bitio
340 1062 421 1121 mela
442 1061 629 1139 detinuerat,
657 1053 763 1121 ¹eodem
783 1079 939 1139 regressus
961 1063 1057 1122 stetui
1077 1081 1125 1123 ree
1148 1069 1250 1142 gestos

241 1149 348 1227 populi
361 1150 489 1210 Romani
508 1150 645 1228 carptim,
666 1152 704 1209 ut
726 1167 866 1227 quaeque
888 1151 1034 1211 memorie
1056 1151 1148 1229 digna
1168 1153 1250 1213 vide·

241 1238 361 1317 bantur,
383 1238 575 1317 perscribere,
599 1257 634 1298 ec
653 1237 751 1316 magis
770 1238 851 1314 quod
874 1239 949 1297 mihi
967 1257 987 1298 a
1004 1257 1056 1315 spe
1078 1242 1163 1300 motu
1184 1259 1252 1316 par·

241 1326 323 1387 tibus
346 1327 391 1387 rei
413 1327 554 1404 publicae
578 1327 695 1386 animus
718 1325 796 1384 liber
819 1329 892 1386 erat.

305 1451 510 1598 iibidogtilinac
528 1536 733 1597 coniuratione
754 1534 800 1610 [a.
815 1539 873 1596 691
888 1561 931 1584 =
946 1537 1044 1596 63-
1059 1540 1178 1598 692=
1193 1536 1250 1614 62]
1330 1565 1331 1568 ¹

241 1645 332 1705 quam
354 1627 519 1688 verissume
541 1627 646 1702 potero
669 1624 774 1700 paucis
797 1623 965 1701 absolvam;
987 1644 1059 1684 nam
1079 1625 1112 1685 id
1134 1627 1251 1688 facinus

239 1715 271 1774 in
292 1715 397 1792 primis
420 1733 477 1794 ego
498 1711 691 1774 memorabile
709 1712 857 1772 existumo
876 1713 996 1772 sceleris
1014 1717 1107 1791 atque
1123 1715 1251 1791 periculi
1331 1755 1333 1768 .

241 1805 383 1866 novitate.
1328 1781 1334 1906 Ι

305 2015 420 2075 bellum
447 2013 614 2089 scripturus
638 2030 717 2090 sum,
745 2011 826 2088 quod
852 2012 983 2088 populus
1006 2013 1159 2073 Romanus
1182 2033 1252 2075 cum
1332 1997 1335 2078 i

240 2104 389 2182 Iugurtha
415 2120 485 2179 rege
507 2100 709 2160 Numidarum
731 2099 827 2178 gessit
848 2095 1252 2179 [642s3=112f1—650
1330 2080 1335 2140 ’ἶ

240 2189 381 2268 =104]‚
403 2190 534 2267 primum
557 2189 630 2266 quie
646 2207 790 2266 magnum
809 2191 841 2247 et
859 2191 946 2248 etrox
964 2188 1106 2264 variaque
1123 2190 1251 2249 victoria
1333 2165 1335 2240 i

240 2280 307 2356 fuit,
325 2279 431 2339 dehinc
450 2277 522 2355 quia
539 2280 612 2337 tnnc
629 2277 760 2354 primum
777 2276 935 2352 superbiae
949 2275 1116 2334 nobilitatis
1130 2277 1250 2337 obviam
1328 2269 1335 2422 1

239 2369 316 2428 itum
339 2371 392 2428 est.
571 2441 574 2446 Δ
1333 2427 1335 2466 ἰ

304 2492 343 2551 id.
366 2492 429 2550 Met.
448 2505 574 2564 procem.
597 2506 644 2563 op.
667 2489 768 2561 Rufio.
786 2507 819 2562 p.
843 2487 905 2549 582
927 2488 1043 2548 Helva:

305 2579 364 2638 Res
381 2578 488 2655 populi
501 2577 628 2636 Romani
641 2576 808 2654 illepide
823 2573 856 2645 Q.
871 2573 981 2635 Catulo
1000 2593 1073 2635 coes.
1092 2594 1127 2636 ac
1143 2577 1249 2637 deinde

238 2665 317 2744 [676
387 2670 428 2727 78
444 2697 481 2707 -
499 2668 560 2727 687
574 2691 616 2712 =
631 2661 688 2741 67]
714 2665 841 2724 militine
868 2663 950 2723 domi
972 2666 1074 2742 gestas
1096 2667 1249 2743 conposui.

1331 2729 1335 2856 l

303 3017 379 3078 Soet.
402 3019 438 3078 cle
457 3034 580 3092 orama
603 3022 629 3076 ct
650 3017 720 3076 rtet.
744 3019 783 3075 10
799 3036 832 3090 p.
856 3018 917 3075 108
938 3016 1040 3090 Relffi:

240 3105 433 3166 ..Asinius
456 3105 575 3165 Pollio
597 3104 630 3163 in
651 3104 742 3181 libro,
769 3124 828 3181 quo
853 3104 993 3164 Sallustii
1014 3104 1127 3181 scripta
1148 3123 1246 3180 repre·
1329 3131 1335 3184 ς

239 3194 344 3253 hendit
361 3196 398 3254 ut
415 3193 508 3252 nimia
521 3193 688 3270 priscorum
704 3192 865 3282 verborum
883 3192 1074 3252 affectatione
1088 3193 1183 3252 oblita
1197 3240 1203 3250 .
1218 3239 1246 3253 ..
1328 3249 1334 3288 ¹

305 3315 378 3376 (icil.
403 3315 436 3374 X
450 3318 538 3383 26,1
562 3318 652 3376 oudo
672 3315 779 3376 inscite
802 3315 839 3376 ab
863 3314 990 3376 Asinio
1012 3315 1179 3374 Pollione
1202 3335 1247 3375 re·
1330 3329 1335 3408 q

237 3403 616 3568 ffirenffistsalluetium
638 3405 670 3463 in
689 3404 818 3482 quadam
836 3404 975 3482 epistula
998 3421 1090 3481 quam
1108 3402 1147 3462 ad
1160 3403 1248 3463 Plan·
1333 3479 1335 3524 i
