2740 4128
261 217 284 278 4
610 215 658 268 DE
677 215 793 269 BELLO
812 213 921 270 CIVlLI

261 359 445 444 provinciae
468 363 565 442 atquo
584 358 783 422 exercituum
800 358 954 442 impellit,
977 379 1058 441 quos
1082 381 1117 422 se
1139 380 1198 442 pro
1217 381 1275 424 ne

262 447 455 513 cessitudine
469 447 665 531 partiturum
677 468 751 510 oum
759 445 915 530 Pompeio
930 446 1159 529 arbitrabatur,
1174 447 1274 512 simul

260 535 454 600 iudiciorum
473 539 592 614 metus,
615 534 758 598 adulatio
777 537 874 616 atque
894 535 1071 598 ostentatio
1095 535 1146 598 sui
1165 539 1198 600 et
1215 556 1275 620 po·

263 625 415 704 tentium,
439 622 494 706 qui
515 621 551 685 in
572 622 760 705 republica
781 621 973 705 iudiciisque
1000 626 1072 686 tum
1094 623 1274 706 plurimum

230 711 436 795 4pollebant.
481 709 556 794 Ipse
578 708 766 793 Pompeius,
794 709 835 772 ab
858 709 999 774 inimicis
1023 709 1171 774 Caesaris
1193 711 1274 776 inci·

262 803 351 863 tatus
374 803 408 862 et
430 798 516 880 quod
538 798 699 862 neminem
722 797 881 882 dignitate
900 819 1010 862 secum
1028 798 1199 881 exaequari
1217 821 1274 863 vo-

261 887 362 967 lebat,
394 889 502 950 totum
534 907 567 950 se
599 885 640 949 ab
673 885 741 948 eius
774 885 918 950 amicitia
944 889 1106 950 averterat
1136 891 1170 950 et
1196 909 1273 952 cum

263 973 487 1039 communibus
505 973 645 1038 inimicis
663 973 698 1038 in
717 973 856 1058 gratiam
871 972 1024 1056 redierat,
1044 995 1182 1056 quorum
1199 974 1273 1058 ipse

262 1061 436 1142 maximam
462 1065 589 1144 partem
619 1060 677 1124 illo
710 1060 880 1125 affinitatis
912 1065 1057 1145 tempore
1084 1060 1273 1126 iniunxerat

231 1167 248 1214 5
263 1147 405 1234 Caesari,
420 1149 516 1212 simul
528 1148 664 1212 infamia
677 1149 813 1212 duanam
821 1148 986 1234 legionum
997 1153 1173 1232 permotus,
1188 1171 1272 1233 quas

262 1238 303 1301 ab
329 1236 445 1301 itinere
467 1235 565 1300 Asiae
590 1235 763 1320 Syriaeque
787 1237 828 1300 ad
850 1259 943 1302 suam
964 1237 1145 1320 potentiam
1168 1237 1272 1302 domi-

261 1329 437 1410 natumque
464 1329 679 1406 converterat,
702 1345 771 1388 rem
793 1324 834 1387 ad
857 1347 947 1388 arma
973 1324 1086 1389 deduci
1108 1325 1271 1390 studebat.
1355 1353 1356 1400 ς

233 1429 247 1476 1
328 1411 368 1477 V.
400 1411 461 1476 His
480 1413 643 1476 decausis
663 1415 805 1496 aguntur
823 1412 932 1476 omnia
949 1412 1069 1496 raptim
1088 1416 1184 1496 atque
1203 1419 1272 1478 tur-

261 1501 346 1564 bate.
386 1498 455 1565 Nec
483 1500 618 1564 docendi
641 1496 789 1564 Caesaris
816 1500 1008 1584 propinquis
1034 1500 1103 1564 eius
1127 1501 1272 1586 spatium

262 1588 369 1670 datur,
395 1609 455 1653 nec
477 1588 617 1652 tribunis
638 1587 743 1672 plebis
767 1587 817 1652 sui
838 1587 973 1671 periculi
999 1588 1193 1672 deprecandi
1216 1611 1271 1654 ne

263 1698 324 1760 que
346 1677 444 1740 etiam
462 1677 597 1740 extremi
614 1675 694 1740 iuris
714 1675 969 1755 [intercessione]
992 1676 1165 1759 retinendi,
1183 1679 1272 1760 quod

231 1764 298 1828 aL.
318 1762 408 1829 Sulla
429 1763 619 1847 reliquerat,
641 1763 780 1828 facultas
802 1763 971 1846 tribuitur,
999 1764 1055 1828 sed
1078 1765 1116 1828 de
1140 1787 1198 1829 sua
1222 1788 1272 1830 sa·
1355 1759 1356 1796 ³

262 1853 330 1916 lute
358 1851 496 1936 septimo
526 1850 577 1914 die
604 1851 748 1936 cogitare
771 1856 944 1936 coguntur,
972 1852 1058 1934 quod
1084 1851 1134 1916 illi
1158 1853 1271 1918 turbu·
1355 1901 1356 1908 κ

261 1940 434 2004 lautissimi
457 1938 677 2022 superioribus
705 1939 905 2023 temporibus
928 1939 1051 2003 tribuni
1075 1939 1180 2023 plebis
1198 1949 1273 2022 post

263 2033 336 2092 octo
360 2027 496 2110 denique
518 2035 644 2090 menses
674 2027 836 2092 variarum
859 2026 1023 2092 actionum
1049 2027 1208 2112 respicere
1231 2052 1271 2096 ac

232 2115 377 2181 stimere
396 2119 597 2179 consuerant.
642 2113 833 2178 Decurritur
855 2115 896 2178 ad
917 2114 999 2178 illud
1021 2119 1201 2180 extremum
1224 2121 1271 2182 at-

263 2225 324 2287 que
352 2203 504 2266 ultimum
532 2206 663 2266 senatus
690 2202 887 2283 consultum,
919 2224 983 2286 quo
1011 2202 1076 2266 nisi
1104 2225 1206 2287 paene
1234 2205 1269 2270 in
1355 2239 1356 2244 κ

260 2292 333 2376 ipso
356 2290 447 2354 urbis
469 2289 616 2354 incendio
641 2295 737 2374 atque
756 2290 791 2354 in
809 2290 1031 2374 desperatione
1052 2291 1197 2356 omnium
1221 2315 1270 2357 sa

261 2379 340 2444 lutis
364 2381 550 2444 senatorum
569 2378 702 2443 audacia
719 2400 896 2461 numquam
910 2383 984 2442 ante
998 2379 1187 2444 descensum
1205 2385 1269 2444 est:

262 2469 339 2532 dent
358 2487 488 2552 operam
503 2465 663 2543 consules,
681 2471 859 2550 praetores,
878 2466 1002 2530 tribuni
1014 2466 1129 2550 plebis,
1149 2467 1269 2552 quique
1355 2469 1356 2472 ’

257 2578 317 2640 pro
344 2577 425 2620 coss.
454 2555 518 2620 sint
532 2554 584 2618 ad
610 2553 735 2638 urbem,
767 2575 808 2618 ne
836 2554 914 2637 quid
939 2575 990 2618 res
1017 2554 1148 2638 publica
1174 2555 1271 2620 detri-

232 2644 365 2708 4menti
392 2643 507 2728 capiat.
550 2641 639 2708 Haec
663 2639 749 2708 soto
771 2642 1016 2726 perscribuntur
1038 2665 1065 2706 a.
1088 2643 1116 2707 d.
1141 2662 1199 2708 v11.
1222 2643 1269 2709 Id.
1355 2693 1356 2708 ,

235 2767 238 2772 ·
262 2731 330 2796 Ian.
360 2731 474 2814 Itaque
493 2751 515 2796 v
533 2731 646 2814 primis
662 2731 783 2811 diebus,
802 2731 919 2814 quibus
933 2729 1047 2794 haberi
1065 2735 1195 2796 senatus
1214 2754 1269 2816 po-

262 2819 340 2900 tuit,
363 2840 426 2902 qua
448 2841 488 2882 ex
510 2819 560 2882 die
583 2820 787 2884 consulatum
810 2818 884 2882 iniit
906 2817 1073 2894 Lentulus,
1096 2818 1195 2884 biduo
1218 2843 1270 2884 ex·
1355 2891 1356 2908 ,

264 2911 358 2991 cepto
382 2905 551 2985 comitiali,
574 2911 607 2970 et
625 2907 663 2970 de
681 2906 816 2990 imperio
836 2903 983 2971 Caesaris
1001 2909 1035 2970 ct
1053 2907 1092 2970 de
1110 2907 1270 2992 amplissi-

236 3032 239 3062 :
263 2995 325 3058 mis
353 2993 444 3074 viris,
471 2993 610 3058 tribunis
637 2995 754 3078 plebis,
782 2995 971 3079 gravissime
999 2994 1269 3080 acerbissimeque

232 3082 453 3150 odecernitur.
499 3080 696 3167 Profugiunt
719 3083 831 3147 statim
854 3105 893 3148 ex
915 3083 995 3147 urbe
1017 3082 1141 3148 tribuni
1163 3084 1268 3167 plebis

264 3191 396 3253 seseque
424 3170 465 3234 ad
488 3166 658 3234 Caesarem
686 3170 863 3236 conferunt.
908 3171 942 3236 Is
970 3193 1007 3236 eo
1031 3176 1175 3256 tempore
1199 3177 1269 3238 erat

263 3258 435 3323 Ravennae
458 3259 730 3342 exspectabatque
753 3259 819 3323 suis
837 3259 1011 3326 lenissimis
1030 3259 1203 3343 postulatis
1221 3283 1269 3326 re·

264 3369 396 3432 sponsa,
423 3345 452 3410 si
475 3367 539 3430 qua
560 3346 729 3410 hominum
756 3347 919 3430 aequitate
946 3370 997 3412 res
1026 3348 1066 3412 ad
1092 3347 1194 3414 otium
1217 3349 1270 3412 de·

264 3436 337 3500 duci
359 3437 480 3519 posset.

235 3540 250 3590 1
330 3523 386 3588 Vl.
411 3521 572 3587 Proximis
591 3522 864 3588 diebus'habetur
886 3527 977 3587 extra
995 3533 1108 3590 urbem
1127 3531 1268 3592 senatus.
