2740 4128
360 203 426 258 LIB.
446 203 518 259 VIII.
556 203 631 260 CAP.
650 203 848 258 XV-XVIIII.
1046 203 1109 268 195

99 347 241 432 quodam
264 349 422 432 comperit
445 345 573 430 Caesar,
595 346 759 432 Correum,
782 346 1030 412 Bellovacorum
1053 347 1109 412 du·

99 457 180 520 cem,
193 434 447 501 fortissimorum
461 437 553 501 milia
566 457 622 500 sex
635 435 781 520 peditum
796 435 955 520 delegisse
970 433 1109 519 equites-

100 545 163 609 que
190 545 229 588 ex
257 524 347 589 omni
372 545 508 589 numero
536 523 637 605 mille,
665 544 746 608 quos
768 524 804 589 in
826 523 952 588 insidiis
976 545 1014 588 eo
1037 525 1108 589 loco

100 612 292 694 collocaret,
322 635 417 697 quem
444 613 478 677 in
506 612 613 677 locum
640 615 774 696 propter
800 612 928 697 copiam
954 610 1109 676 frumenti

100 721 139 766 ac
153 700 265 784 pabuli
278 699 444 766 Romanos
458 699 614 765 missuros
630 700 856 785 suspicaretur.
891 698 961 776 Quo
976 698 1108 782 cognito
1127 713 1143 762 r

100 788 237 854 consilio
260 788 405 873 legiones
427 788 552 873 plures,
574 809 672 873 quam
694 788 836 872 solebat,
858 789 965 853 educit
988 786 1109 872 equita·

100 881 245 960 tumque,
268 897 332 959 qua
355 876 584 942 consuetudine
606 876 854 961 pabulatoribus
873 876 1002 940 mittere
1020 895 1110 960 prae·

102 965 186 1030 sidio
201 967 382 1046 consuerat,
399 964 595 1050 praemittit3
611 963 686 1029 huic
700 964 879 1049 interponit
894 963 1015 1028 auxilia
1028 962 1109 1027 levis

102 1056 299 1136 armaturae;
322 1052 392 1137 ipse
413 1074 486 1118 cum
505 1051 698 1139 legionibus,
722 1075 818 1137 quam
837 1055 946 1136 potest
963 1053 1145 1135 maximat

27 1187 29 1190 -
101 1141 350 1227 appropinquat.

190 1227 311 1293 XVIII.
351 1227 473 1294 Hostes
496 1228 531 1293 in
552 1227 678 1294 insidiis
702 1227 861 1313 dispositi,
883 1249 956 1293 cum
979 1227 1042 1292 sibi
1060 1227 1146 1294 der

102 1317 262 1403 legissent
284 1337 434 1402 campum
458 1316 498 1381 ad
520 1338 588 1382 rem
613 1317 788 1403 gerendam
810 1337 876 1381 non
899 1316 1038 1400 amplius
1056 1337 1111 1402 pa·

101 1408 226 1472 tentem
248 1405 284 1470 in
307 1426 418 1470 omnes
439 1407 549 1489 partes
567 1405 718 1490 passibus
737 1404 837 1488 mille,
861 1404 952 1470 silvis
970 1404 1112 1489 undique

102 1493 161 1560 aut
191 1492 440 1577 impeditissimo
471 1492 603 1557 flumine
635 1493 810 1575 munitum,
841 1493 930 1557 velut
958 1493 1111 1578 indagine

102 1583 189 1647 hunc
206 1581 331 1646 insidiis
351 1580 637 1646 circumdederunt.
677 1579 857 1666 Explorato
875 1581 1020 1646 hostium
1038 1603 1110 1646 con·
1129 1597 1146 1646 a

103 1670 178 1736 silio
200 1672 305 1735 nostri
329 1669 369 1734 ad
392 1669 616 1754 proeliandum
635 1668 743 1742 animo
763 1672 860 1753 atque
879 1668 978 1734 ermis
996 1668 1111 1752 parati,

102 1781 177 1824 cum
209 1757 480 1842 subsequentibus
511 1756 693 1844 legionibus
720 1757 843 1822 nullam
871 1756 1110 1822 dimicationem

102 1850 298 1928 recusarent,
319 1846 488 1910 turmatim
510 1847 546 1910 in
566 1867 640 1910 eum
657 1846 765 1911 locum
783 1845 987 1910 devenerunt.
1028 1844 1146 1921 Quor

102 1957 177 2000 rum
208 1932 349 2000 adventu
380 1955 453 1998 cum
481 1933 545 1998 sibi
572 1931 711 2000 Correus
738 1934 884 1999 oblatam
911 1933 1112 1999 occasionem

103 2022 152 2087 rei
171 2021 329 2106 gerendae
349 2021 558 2104 existimaret,
576 2022 717 2104 primum
736 2042 808 2088 cum
827 2021 937 2105 paucis
957 2042 991 2086 se
1005 2025 1112 2086 osten-

103 2111 153 2175 dit
176 2113 273 2194 atque
295 2109 331 2174 in
353 2111 519 2194 proximas
541 2113 666 2174 turmas
690 2111 848 2193 impetum
870 2109 955 2175 fecit
997 2107 1147 2174 Nostris

103 2201 291 2266 constanter
304 2198 469 2263 incursum
483 2197 645 2262 sustinent
652 2197 881 2262 insidiatorum
889 2217 993 2281 neque
1002 2197 1112 2282 plures

103 2287 138 2352 in
161 2307 261 2350 unum
284 2287 392 2352 locum
414 2285 623 2369 conveniunt;
646 2285 732 2369 quod
751 2285 939 2371 plerumque
959 2285 1112 2368 equestri·

103 2376 166 2440 bus
184 2373 316 2457 proeliis
335 2395 408 2439 cum
425 2379 559 2458 propter
577 2373 719 2457 aliquem
733 2373 884 2438 timorem
899 2373 1026 2457 accidit,
1042 2377 1112 2437 tum

104 2461 314 2528 multitudine
337 2461 481 2545 ipsorum
505 2461 735 2526 detrimentum
759 2461 923 2545 accipitur.

192 2548 329 2614 XVIIII.
382 2547 464 2615 Cum
500 2549 668 2635 dispositis
699 2549 815 2613 turmis
847 2550 881 2613 in
912 2548 1015 2613 vicem
1047 2548 1146 2614 rarii

102 2637 340 2724 proeliarentur
374 2660 478 2722 neque
515 2639 556 2703 ab
593 2637 750 2702 lateribus
783 2636 1005 2702 circumveniri
1038 2657 1112 2700 suos

103 2729 308 2812 paterentur,
331 2729 504 2810 erumpunt
526 2725 626 2790 ceteri
649 2723 768 2790 Correo
791 2725 973 2809 proeliante
996 2745 1035 2788 ex
1058 2724 1112 2788 sil·

103 2814 164 2880 vis.
201 2813 256 2878 Fit
273 2835 393 2900 magna
411 2813 617 2878 contentione
636 2812 799 2877 diversum
817 2813 985 2897 proelium.
1021 2810 1113 2888 Quod
1131 2829 1147 2878 a

104 2923 178 2969 cnm
210 2901 330 2967 diutius
357 2901 429 2986 pari
456 2902 562 2966 Illarte
590 2901 739 2983 iniretur,
770 2901 929 2985 paulatim
957 2923 996 2965 ex
1024 2900 1112 2964 silvis

103 2990 264 3054 instructa
295 2989 470 3055 multitudo
502 2989 649 3075 procedit
680 2988 839 3074 peditum,
871 3011 953 3073 quae
982 2992 1113 3054 nostros

103 3079 213 3164 coligit
228 3077 339 3142 cedere
354 3078 487 3162 equites.
524 3075 647 3153 Quibus
661 3078 810 3142 celeriter
824 3076 1019 3142 subveniunt
1032 3076 1113 3141 levis

103 3169 289 3232 armaturae
315 3166 454 3252 pedites,
483 3187 564 3250 qnos
593 3169 667 3231 ante
694 3165 839 3252 legiones
867 3164 983 3230 missos
1012 3164 1114 3247 docui,

103 3254 283 3338 turmisque
301 3259 487 3320 nostrorum
505 3253 690 3339 interpositi
704 3257 892 3319 constanter
905 3253 1113 3337 proeliantur.

102 3342 274 3428 Pugnatur
293 3342 491 3427 aliquamdiu
509 3341 581 3424 pari
599 3341 819 3425 contentione;
839 3341 960 3424 deinde,
978 3345 1016 3405 ut
1029 3341 1112 3405 ratio
1131 3357 1148 3405 a

103 3431 294 3516 postulabat
325 3430 455 3515 proelii,
488 3430 543 3514 qui
573 3430 793 3495 sustinuerant
820 3429 944 3514 primos
971 3429 1112 3513 impetus

102 3518 304 3599 insidiarum,
326 3517 388 3585 hoc
409 3519 482 3604 ipso
504 3517 798 3604 fiuntsuperiores,
822 3517 908 3602 quod
925 3517 1052 3582 nullum
1071 3516 1112 3581 ab

900 3619 953 3674 w
