2746 4120
237 213 281 278 36
597 212 646 266 aa
664 211 780 266 annno
800 211 908 267 crvnr

206 377 223 421 4
238 357 314 421 dum
330 360 427 440 atque
442 356 674 421 occurrendum
687 359 827 441 putaret.
851 354 1081 422 Conclamatur
1094 357 1135 422 ad
1148 379 1258 442 arma,

238 448 335 528 atque
359 466 471 509 omnes
494 444 606 529 copiae
632 443 745 529 paucis
772 445 933 528 praesidio
960 445 1083 510 relictis
1107 444 1257 510 cohorti-

238 534 299 596 bus
322 537 441 598 exeunt
461 537 614 615 rectoque
637 533 678 596 ad
695 531 856 596 Hiberum
877 533 993 598 itinere
1016 533 1226 598 contendunt.

208 639 221 685 1
303 619 403 685 LXX.
434 620 517 685 Erat
538 620 573 683 in
596 620 761 685 celeritate
784 640 879 684 omne
906 620 1051 705 positum
1073 625 1255 707 certamen,

237 707 302 773 utri
325 708 416 793 prius
440 708 608 794 angustias
630 713 822 792 montesque
846 715 1055 794 occuparent3
1082 709 1138 774 sed
1160 731 1256 775 exer·-

237 797 339 861 citum
359 794 507 861 Caesaris
529 797 655 860 viarum
678 795 886 861 difficultates
909 797 1096 882 tardabant,
1117 796 1252 862 Afranii

206 884 347 969 acopias
375 885 539 968 equitatus
568 881 715 949 Caesaris
738 884 911 969 insequens
938 886 1135 950 morabatur.
1178 885 1250 952 Res

236 977 347 1037 tamen
369 972 410 1036 ab
433 971 619 1036 Afranianis
642 972 705 1037 huc
728 977 798 1037 erat
819 973 1001 1038 necessario
1024 973 1174 1057 deducta,
1199 979 1250 1060 ut,

237 1060 264 1124 si
283 1060 407 1145 priores
426 1064 563 1144 montes,
581 1081 662 1145 quos
680 1061 845 1144 petebant,
865 1060 1063 1146 attigissent,
1082 1061 1147 1145 ipsi
1163 1061 1250 1146 peri-

237 1147 345 1213 culum
366 1147 521 1233 vitarent,
543 1148 773 1233 impedimenta
791 1149 893 1212 totius
912 1149 1071 1214 exercitus
1090 1148 1248 1214 cohortis-

237 1257 298 1318 que
314 1235 478 1301 incastris
492 1235 622 1300 relictas
637 1257 763 1300 servare
777 1258 844 1300 non
856 1241 1004 1323 possent3
1017 1237 1134 1321 quibus
1148 1237 1247 1302 inter-

236 1322 335 1388 clusis
362 1324 505 1390 exercitu
533 1321 680 1388 Caesaris
709 1323 865 1388 auxilium
891 1324 969 1388 ferri
1002 1325 1093 1389 nulla
1118 1325 1246 1390 ratione

204 1415 373 1495 apoterat.
419 1410 567 1477 Confecit
592 1412 682 1496 prior
703 1412 767 1476 iter
794 1409 914 1477 Caesar
935 1417 1031 1496 atque
1054 1435 1094 1477 ex
1116 1413 1246 1498 magnis

234 1499 370 1584 rupibus
392 1505 507 1565 nactus
526 1499 699 1585 planiciem
721 1499 757 1564 in
773 1499 835 1564 hac
855 1504 969 1565 contra
990 1500 1119 1565 hostem
1141 1501 1245 1566 aciem

234 1587 376 1652 instruit.
403 1587 568 1672 Afranius,
586 1610 660 1652 cum
678 1588 719 1652 ab
736 1588 883 1671 equitatu
900 1587 1113 1652 novissimum
1127 1610 1245 1674 agmen

234 1680 447 1761 premeretur,
474 1680 549 1740 ante
573 1697 606 1740 se
629 1675 757 1740 hostem
782 1676 918 1760 videret,
945 1676 1061 1740 collem
1084 1677 1245 1760 quendam

204 1768 349 1830 rnactus
366 1764 414 1828 ibi
433 1763 590 1829 constitit.
628 1763 679 1827 Ex
697 1784 735 1828 eo
753 1763 825 1828 loco
844 1783 897 1827 1111
916 1767 1113 1828 cetratorum
1132 1765 1246 1830 cohor-

234 1852 278 1917 tis
300 1853 336 1916 in
356 1856 514 1935 montem,
542 1851 597 1934 qui
620 1856 691 1915 erat
712 1851 748 1915 in
770 1855 944 1936 conspectu
970 1851 1115 1916 omnium
1142 1853 1244 1918 excel-

234 1939 396 2025 sissimus,
419 1939 530 2004 mittit.
568 1937 665 2004 Hunc
687 1960 807 2024 magno
830 1961 926 2004 cursu
949 1939 1129 2004 concitatos
1152 1940 1245 2006 iubet

234 2048 405 2112 occupare,
429 2049 467 2093 eo
491 2026 641 2112 consilio,
668 2027 718 2092 uti
737 2027 807 2111 ipse
831 2027 943 2092 eodem
966 2027 1116 2092 omnibus
1139 2029 1244 2112 copiis

234 2115 441 2180 contenderet
463 2120 497 2180 et
519 2119 646 2179 mutato
668 2113 784 2179 itinere
806 2114 892 2200 iugis
917 2113 1112 2200 Octogesam
1133 2137 1245 2200 parve

203 2203 327 2270 uniret.
362 2202 458 2268 Hunc
477 2225 551 2268 cum
571 2202 704 2286 obliquo
721 2202 837 2267 itinere
857 2202 972 2267 cetrati
989 2207 1150 2288 peterent,
1169 2225 1245 2270 con·

233 2292 376 2376 spicatus
395 2291 560 2374 equitatus
579 2291 726 2356 Caesaris
749 2290 784 2354 in
807 2290 950 2355 cohortis
973 2291 1132 2375 impetum
1149 2291 1244 2379 fecit3

232 2402 291 2445 nec
307 2378 475 2444 minimam
488 2383 615 2464 partem
628 2378 783 2463 temporis
798 2378 944 2461 equiturn
957 2378 1023 2444 vim
1040 2379 1155 2444 cetrati
1173 2402 1244 2446 sus-

232 2469 336 2532 tinere
353 2471 530 2552 potuerunt
554 2487 728 2550 omnesque
747 2467 788 2530 ab
811 2467 857 2530 eis
883 2467 1094 2531 circumventi
1111 2466 1146 2530 in
1167 2489 1243 2532 con·

232 2559 345 2641 spectu
367 2555 535 2638 utriusque
559 2555 717 2618 exercitus
739 2554 986 2618 interficiuntur.

203 2661 216 2707 1
297 2641 413 2707 LXXI.
436 2642 518 2706 Erat
534 2643 661 2706 occasio
680 2643 762 2707 bene
781 2641 938 2727 gerendae
952 2641 1008 2706 rei.
1031 2640 1144 2726 Neque
1162 2665 1242 2708 vero

229 2729 264 2793 id
285 2727 456 2794 Caesarem
478 2728 639 2815 fugiebat,
662 2733 754 2793 tanto
778 2730 838 2794 sub
862 2729 965 2794 oculis
988 2734 1120 2813 accepto
1143 2730 1243 2796 detri-

230 2821 341 2881 mento
354 2817 563 2901 perterritum
577 2818 753 2882 exercitum
768 2817 926 2882 sustinere
944 2839 1011 2882 non
1028 2839 1132 2903 posse,
1149 2840 1243 2903 prae

230 2904 343 2969 sertim
370 2904 604 2970 circumdatum
632 2905 774 2989 undique
803 2905 964 2990 equitatu,
995 2927 1069 2970 cum
1099 2904 1135 2968 in
1165 2906 1240 2973 loco

230 3013 333 3076 aequo
361 2997 457 3076 atque
485 2997 597 3078 aperto
624 2993 864 3080 confligeretur,
895 2994 992 3077 idque
1021 3015 1060 3058 ex
1087 2993 1241 3060 omnibus

199 3079 377 3168 apartibus
401 3081 442 3145 ab
466 3102 503 3144 eo
521 3080 740 3167 flagitabatur.
774 3078 1018 3146 Concurrebant
1035 3081 1145 3167 legati,
1168 3103 1241 3148 cen-

228 3169 375 3233 turiones
402 3168 588 3252 tribunique
615 3168 769 3232 militum:
805 3168 856 3234 Ne
883 3169 1048 3234 dubitaret
1078 3169 1240 3254 proelium

230 3257 439 3322 committere.
487 3256 640 3321 Omnium
663 3278 733 3320 esse
755 3257 897 3321 militum
923 3257 1148 3340 paratissimos
1172 3259 1240 3322 ani-

198 3361 308 3409 smos.
333 3344 526 3410 Afranianos
545 3348 658 3409 contra
676 3344 788 3409 multis
807 3345 903 3409 rebus
922 3344 973 3408 sui
991 3344 1119 3410 timori·
1143 3346 1241 3432 signa

229 3432 369 3496 misisse:
402 3432 488 3516 quod
515 3432 582 3496 suis
609 3453 676 3496 non
702 3432 941 3515 subvenissent,
973 3432 1059 3515 quod
1089 3434 1127 3497 de
1155 3434 1240 3499 colle

228 3540 295 3584 non
313 3520 516 3604 decederent,
537 3520 623 3603 quod
640 3519 695 3584 vix
714 3520 858 3604 equitum
875 3518 1024 3584 incursus
1039 3522 1240 3588 sustinerent
