2706 4122
300 184 449 241 BELLUM
466 181 727 242 requiemnon
746 199 769 242 o.
789 188 902 240 93-95.
1044 184 1107 248 109

96 330 200 418 Ligus
223 335 351 486 Ἔσται,
380 329 546 418 cognovit,
574 351 770 415 quamquam
793 332 865 394 toto
889 328 940 394 die
963 329 1108 396 intentos

95 419 221 504 proelio
270 419 398 485 umidas
411 419 580 503 habuerat,
599 422 670 484 tum
683 440 760 484 vero
779 417 970 484 cohortatus
987 417 1108 484 milites

96 512 130 573 et
152 507 224 592 ipse
247 510 341 573 extra
359 507 469 574 uineas
485 508 563 590 [est]
583 527 733 593 egressus
756 506 920 574 testudine
943 509 1017 573 aota
1040 527 1109 572 suo

96 595 210 664 cedere
243 599 278 662 et
307 595 405 661 simul
436 595 567 661 hostem
597 595 770 661 tormentis
803 595 1048 682 sagittariisque
1075 598 1109 660 et

96 684 319 750 funditoribus
343 683 468 750 eminus
487 687 618 750 terrere.
650 687 686 749 at
704 681 875 770 Numidae,
898 705 994 770 saepe
1013 687 1144 750 anteat

96 774 201 840 vineis
216 772 440 838 Romanorum
454 771 631 858 subversis,
644 771 725 838 item
738 771 888 858 incensis,
901 793 968 838 nou
982 772 1108 838 castelli

96 862 269 929 moenibus
293 883 363 927 sese
386 861 601 1015 tutabanturIi
621 861 678 926 ead
699 882 760 946 pro
783 882 875 926 muro
899 861 967 926 dies
989 861 1109 928 uootie·

96 950 784 1126 ttttt‘tttttttttttmht
799 948 1108 1124 ifffflffidffi,

95 1127 249 1198 secundis
267 1128 365 1193 rebus
384 1125 507 1192 feroces
527 1149 606 1192 esse.
629 1127 762 1193 interim
776 1127 936 1213 omnibus,
949 1126 1107 1194 Romanis
1126 1144 1142 1194 5

95 1217 324 1302 hostibusque,
345 1215 470 1301 proelio
492 1215 643 1300 intentis,
665 1235 784 1302 magua
806 1215 970 1302 utrimque
993 1216 1025 1282 vi
1047 1238 1107 1300 pro

95 1307 205 1394 gloria
227 1308 327 1390 atque
348 1304 486 1389 imperio
512 1304 565 1370 his
592 1303 659 1369 illis
681 1326 741 1389 pro
765 1303 870 1370 salute
898 1304 1108 1390 aertantibus,

95 1397 231 1481 repente
255 1415 275 1458 a
297 1395 392 1478 tergo
420 1392 515 1479 signa
538 1413 666 1480 eauere;
696 1414 733 1458 ao
759 1393 866 1478 primo
894 1393 1046 1458 mulieres
1075 1397 1108 1459 et

95 1483 201 1570 pueri,
225 1481 281 1566 qui
299 1480 406 1548 visum
423 1483 659 1566 processerant,
677 1479 799 1567 fugare,
822 1481 935 1548 deiude
953 1481 1004 1547 uti
1023 1481 1108 1567 quis-

96 1593 161 1658 que
194 1591 287 1636 muro
314 1591 491 1655 proxumus
521 1573 605 1654 erat,
635 1573 802 1654 postremo
835 1569 956 1656 ounoti,
989 1571 1107 1636 armati

96 1662 311 1743 inermesque.
358 1658 445 1742 quod
473 1657 531 1723 ubi
554 1657 684 1743 aooidit,
707 1679 745 1723 eo
769 1657 875 1724 aerius
899 1657 1039 1724 Romani
1061 1659 1142 1728 ime

98 1753 200 1835 stare,
230 1746 365 1813 fundere
393 1768 430 1812 ao
461 1746 634 1832 plerosque
666 1750 795 1812 tautum
825 1747 921 1813 modo
954 1747 1107 1833 sauciare,

98 1837 172 1904 dein
200 1857 298 1922 super
327 1835 508 1902 oeoisorum
538 1856 675 1920 corpora
706 1835 835 1920 vedere,
867 1835 953 1902 avidi
984 1836 1107 1923 gloriae

99 1929 262 1992 certantes
294 1946 423 1990 murum
451 1927 575 2009 petere,
606 1944 711 2008 neque
739 1945 935 2009 quemquam
963 1924 1108 1990 omnium

98 2015 218 2102 praeda
240 2013 369 2078 morari.
403 2012 450 2078 sio
472 2011 557 2078 forte
582 2016 728 2078 oorreota
741 2011 825 2078 Mari
848 2012 1016 2079 temeritas
1040 2013 1141 2100 glo-'1

99 2104 181 2169 riam
205 2125 244 2168 ex
267 2101 363 2187 eulpa
384 2101 516 2167 invenit.

187 2189 354 2276 Oaterum,
381 2189 458 2256 dum
481 2211 519 2256 ea
541 2211 594 2254 res
617 2189 755 2275 geritur,
778 2188 814 2254 L.
839 2187 930 2255 Sulla
954 2194 1108 2275 quaestor
1117 2192 1160 2260 95

100 2303 171 2346 oum
190 2299 311 2365 magno
330 2277 478 2363 equitatu
496 2278 532 2342 in
550 2281 659 2342 eastra
675 2278 773 2363 venit,
793 2300 874 2362 quos
893 2278 943 2343 uti
957 2299 996 2344 ex
1010 2277 1106 2346 Latio

99 2373 130 2435 et
152 2391 173 2435 a
197 2367 295 2436 sooiie
319 2370 458 2454 cogeret,
480 2365 605 2432 Romae
628 2365 760 2432 relictus
784 2370 863 2432 erat.

163 2455 229 2524 Sed
248 2454 401 2541 quoniam
418 2476 479 2520 nos
498 2454 583 2520 tanti
601 2454 664 2519 viri
684 2476 736 2521 res
754 2455 932 2540 admonuit,
954 2455 1107 2522 idoneum
1126 2475 1141 2524 a

98 2547 205 2613 visum
228 2549 280 2610 est
301 2544 340 2609 de
362 2545 480 2609 natura
503 2544 656 2627 uultuque
680 2543 748 2610 eius
771 2543 883 2628 paucis
907 2543 1020 2610 dicere.
1054 2567 1107 2611 ue-

98 2657 157 2722 que
183 2633 271 2700 enim
293 2632 358 2698 alio
381 2632 454 2698 looo
477 2632 516 2697 de
541 2630 649 2698 Sullae
673 2631 769 2698 rebus
793 2632 912 2698 dioturi
939 2654 1050 2700 sumus
1074 2638 1108 2700 et

97 2723 129 2790 Ia.
145 2721 295 2807 Sisenna,
318 2723 451 2806 optume
474 2724 507 2786 et
526 2719 784 2807 diligentissume
805 2721 959 2807 omnium,
982 2722 1036 2806 qui
1053 2744 1107 2789 aas

96 2835 145 2880 res
170 2811 281 2877 dixere
312 2813 510 2895 persecutus,
527 2831 644 2894 parum
667 2809 748 2874 mihi
770 2809 874 2876 libero
899 2831 954 2876 ore
977 2811 1106 2878 loeutus

97 2901 233 2967 ridetur.
266 2860 375 2986 igitur
400 2896 491 2964 Sulla
513 2899 620 2985 gentis
643 2897 800 2984 patriciae
822 2897 943 2964 nobilia
967 2898 1039 2984 fuit,
1062 2899 1140 2968 faa

96 2989 186 3056 milia
218 3009 320 3073 prope
352 2987 419 3052 iam
446 2987 590 3052 extincta
617 2987 777 3053 maiorum
809 2987 953 3074 ignavim
984 2988 1106 3055 litteris

97 3075 230 3144 Graecis
245 3079 343 3161 atque
357 3074 483 3141 Latinis
502 3075 595 3140 iuxta
612 3080 711 3162 atque
729 3075 928 3142 doctissume
952 3077 1107 3164 eruditus,

96 3167 204 3232 animo
228 3164 368 3251 ingenti,
396 3164 531 3250 cupidus
554 3164 761 3250 voluptatum
789 3165 845 3230 aad
872 3165 996 3252 gloriae
1020 3167 1106 3251 cupi-

94 3255 181 3342 dior;
203 3252 273 3319 otio
292 3253 459 3320 luxurioso
479 3274 559 3338 esse,
578 3255 747 3318 tamenab
765 3253 909 3340 negotiis
928 3276 1106 3339 numquam

94 3344 247 3429 voluptas
274 3346 451 3428 remorata,
480 3341 545 3407 uisi
573 3343 660 3427 quod
687 3341 725 3408 de
748 3363 848 3408 uxore
876 3343 986 3428 potuit
1008 3343 1106 3410 hone-

96 3433 178 3500 stius
202 3431 342 3518 oonsuli3
365 3430 521 3498 facundus
546 3431 682 3496 callidus
705 3434 740 3496 et
763 3429 908 3497 amicitia
926 3431 1041 3517 facilis,
1065 3433 1105 3498 ad

96 3520 278 3588 simulanda
299 3521 433 3606 negotia
456 3519 596 3586 altitudo
620 3519 729 3606 ingeni
753 3519 966 3606 incredibilia,
989 3520 1104 3587 multa
