2718 4124
323 182 470 237 BELLUM
488 181 683 237 CATILINAE
702 197 725 240 ο.
744 189 787 238 51.
807 189 848 240 52.
1054 185 1097 250 33

90 330 212 396 frustra
237 328 357 394 iudicia
383 327 540 411 inplores:
568 330 664 410 capta
690 328 770 393 urbe
796 327 880 393 nihil
909 328 949 394 fit
980 329 1097 415 reliqui

90 419 191 485 vietis.
237 417 302 502 sed,
323 437 383 501 per
405 415 482 481 deos
504 415 699 500 inmortalis,
722 437 780 482 vos
800 437 861 502 ego
880 417 1017 503 appello,
1041 417 1132 502 quis

90 529 215 592 semper
234 507 346 572 domos
360 504 465 588 villas,
484 504 578 590 signa
592 504 721 570 tabulas
735 509 864 570 vostras
878 506 983 590 pluris
999 527 1097 591 quam

90 618 154 662 rem
177 595 344 682 publicam
361 593 500 658 fecistis:
523 592 552 658 si
570 593 644 678 ista,
663 593 894 678 cuiuscumque
913 594 1002 660 modi
1021 599 1097 660 sunt

90 707 168 769 quae
202 681 445 768 amplexamini,
476 681 629 765 retinere,
661 681 690 746 si
719 682 945 766 voluptatibus
977 683 1097 748 vostris

90 774 190 839 otium
222 771 378 857 praebere
410 769 523 854 voltis,
559 769 821 856 expergiscimini
854 771 1027 856 aliquando
1064 775 1098 838 et

89 861 247 947 capessite
274 881 343 924 rem
369 858 543 942 publicam.
587 879 654 922 non
681 858 790 944 agitur
818 859 856 924 de
881 860 1132 946 vectigalibusc

88 972 188 1036 neque
216 949 257 1014 de
282 947 445 1013 sociorum
466 945 609 1012 iniuriis:
636 945 772 1012 libertas
795 951 830 1012 et
852 949 961 1013 anima
982 954 1098 1014 nostra

89 1038 243 1104 indubio
267 1039 327 1102 est.

150 1125 257 1211 Saepe
282 1145 431 1209 numero,
458 1127 569 1208 patres
597 1123 787 1209 conscripti,
814 1124 919 1190 multa
940 1125 1041 1190 verba
1062 1125 1132 1201 ins

89 1218 145 1282 boc
168 1215 283 1281 ordine
305 1212 382 1298 feci,
409 1233 506 1296 saepe
529 1211 568 1276 de
596 1211 724 1276 luxuria
751 1216 849 1297 atque
877 1213 1015 1278 avaritia
1042 1234 1097 1279 no·

88 1309 231 1370 atrorum
259 1302 378 1368 civium
401 1304 534 1384 questus
558 1321 644 1384 sum,
672 1300 858 1385 multosque
882 1302 1032 1366 mortalis
1060 1323 1099 1367 ea

88 1415 181 1460 causa
211 1391 367 1456 advorsos
394 1389 508 1454 habeo.
558 1387 614 1472 qui
646 1389 727 1452 mibi
755 1393 853 1472 atque
882 1390 990 1455 animo
1023 1411 1132 1466 meos

87 1481 206 1547 nullius
231 1487 387 1563 umquam
410 1477 520 1542 delicti
543 1476 685 1563 gratiam
707 1476 870 1564 fecissem,
892 1478 980 1543 haud
1001 1477 1097 1544 facile

88 1570 222 1637 alterins
245 1566 384 1634 lubidini
407 1566 491 1631 male
509 1564 598 1630 faeta
616 1565 847 1630 condonabam.
883 1567 996 1632 sedec
1016 1571 1098 1632 tam·
1116 1594 1132 1643 9

89 1660 147 1725 etsi
178 1679 241 1724 vos
273 1655 365 1741 parsi
393 1654 598 1739 pendebatis,
630 1657 742 1718 tamen
768 1675 819 1719 res
846 1655 978 1738 publica
1004 1655 1099 1720 firma

90 1751 164 1833 erat,
187 1743 358 1831 opulentia
375 1742 617 1830 neglegentiam
635 1743 806 1807 tolerabat.
841 1765 928 1808 nunc
942 1765 1017 1809 vero
1032 1765 1098 1810 non
1119 1770 1151 1820 10

90 1836 116 1900 id
142 1835 269 1922 agitur,
296 1831 431 1898 bonisne
455 1853 497 1896 an
520 1831 615 1896 malis
638 1831 784 1896 moribus
807 1831 967 1916 vivamus,
993 1854 1097 1916 neque

89 1928 248 2008 quantum
271 1925 328 1986 aut
351 1942 450 2004 quam
472 1919 681 2006 magnifieum
703 1919 877 2004 imperium
899 1920 1012 2004 populi
1035 1921 1098 1986 Ro·

91 2013 173 2078 mani
192 2012 248 2096 sit,
267 2009 323 2075 sed
340 2009 430 2094 haec,
448 2008 677 2092 cuiuscumque
696 2007 784 2072 modi
802 2009 962 2093 videntur,
983 2013 1098 2074 nostra

90 2123 128 2166 en
147 2099 324 2168 nobiscum
345 2119 411 2162 une
432 2096 578 2161 bostium
600 2095 712 2160 futura
729 2096 804 2160 sint.
841 2096 895 2162 hie
913 2097 994 2163 mihi
1013 2099 1098 2182 quis·
1118 2125 1150 2175 11

90 2212 185 2275 quam
209 2185 491 2254 mansuetudinem
514 2189 548 2248 et
566 2183 821 2250 misericordiam
838 2185 995 2251 nominat.
1032 2187 1098 2252 iarn

92 2279 214 2361 pridem
245 2274 394 2360 equidem
420 2295 480 2340 nos
507 2294 584 2338 vera
610 2272 768 2338 vocabula
790 2295 898 2338 rerum
920 2274 1098 2340 amisimus.

91 2367 163 2450 qnia
189 2367 279 2430 bone
307 2363 413 2428 aliena
439 2361 554 2448 largiri
581 2361 775 2446 liberalitas,
802 2363 962 2428 malarum
989 2385 1098 2429 rerum

92 2454 225 2520 audacia
251 2451 410 2518 fortitudo
434 2454 582 2534 vocatur,
604 2471 642 2514 eo
666 2471 717 2514 res
740 2450 872 2534 publica
894 2451 929 2516 in
951 2455 1096 2517 extremo

92 2543 152 2608 sita
179 2545 241 2608 est.
291 2539 358 2606 sint
386 2560 476 2623 rane,
508 2537 663 2632 quoniam
689 2537 737 2602 ita
769 2559 803 2603 se
831 2561 938 2604 mores
966 2539 1097 2626 habent,
1118 2560 1150 2610 12

91 2631 242 2697 liberales
274 2650 313 2694 ex
346 2629 509 2694 sociorum
535 2626 690 2710 fortunis,
718 2626 785 2692 sint
811 2627 1036 2694 misericordes
1063 2630 1099 2694 in

92 2718 217 2786 loribus
245 2717 363 2783 aerari:
389 2738 430 2782 ne
456 2715 506 2780 illi
532 2715 722 2802 sanguinem
744 2719 894 2781 nostrum
916 2716 1099 2804 largiantur

93 2812 135 2894 et,
162 2809 242 2874 dum
270 2805 382 2892 paucis
406 2803 572 2870 sceleratis
594 2806 746 2889 parcunt,
773 2803 876 2870 bonor
900 2805 1006 2871 omnis
1029 2829 1099 2892 per·

94 2896 195 2963 ditum
218 2899 303 2961 eant.
703 2931 705 2938 ν

153 2985 245 3052 Bene
276 2987 310 3049 et
339 2983 506 3068 conposite
534 2977 569 3048 O.
597 2978 716 3048 Caesar
745 2982 842 3067 paulo
871 2986 947 3048 ante
973 2983 1009 3048 in
1034 2982 1098 3051 hoc
1118 3002 1151 3050 1³

95 3073 203 3164 ordine
226 3071 264 3139 de
288 3071 356 3138 vita
379 3075 412 3138 et
434 3073 540 3174 morte
563 3069 957 3173 disseruit,.credo·falsa
979 3072 1098 3137 existu-

95 3182 360 3316 istest?
379 3159 1099 3334 trstbssamttttlbrlltbtlte

96 3337 206 3404 dulosa
227 3337 356 3404 habere.
400 3337 511 3422 itaque
534 3337 660 3402 censuit
682 3337 835 3422 pecunias
858 3359 970 3404 eorum
994 3338 1099 3422 publi·
1120 3354 1152 3404 rr

98 3427 225 3512 candae,
256 3427 347 3511 ipsos
377 3446 436 3510 per
465 3425 641 3510 municipia
669 3425 704 3490 in
735 3426 892 3493 custodiis
923 3425 1098 3513 habendos,

99 3513 244 3582 videlieet
266 3513 395 3598 timens,
416 3535 466 3599 ne,
489 3513 518 3578 si
536 3511 659 3578 Romae
678 3513 753 3599 sint,
776 3519 832 3580 aut
851 3537 870 3580 a
888 3515 1099 3599 popularibus

152 3625 310 3672 Sannurrrus.
925 3622 941 3670 3
