2740 4128
253 217 295 281 12
330 287 333 294 ,
609 219 657 272 uu
677 219 794 273 sumo
814 219 921 276 oum

220 362 290 428 ald
308 384 348 427 ne
366 363 437 427 ficri
458 367 584 448 posset,
607 363 775 428 obsidione
794 367 890 448 atque
909 363 1019 448 oppidi
1038 363 1272 428 circummuni-

251 451 341 515 tione
362 451 471 516 fiebat.

223 554 237 602 1
311 538 389 603 XX.
411 537 589 623 Divulgato
612 538 751 603 Domitii
775 538 910 603 consilio
934 537 1069 624 milites,
1091 539 1147 622 qui
1171 543 1271 603 erant

253 623 400 711 Corfinii,
426 626 531 711 prima
553 627 679 710 vesperi
702 627 917 692 secessionem
943 625 1069 691 faciunt
1095 631 1193 710 atque
1217 627 1270 690 ita

251 714 337 778 inter
364 736 398 778 se
425 735 484 797 per
510 714 660 778 tribunos
691 714 833 779 militum
865 714 1133 797 centurionesque
1164 719 1268 798 atque

221 801 499 866 ahonestissimos
527 802 578 866 sui
602 803 728 888 generis
752 803 994 885 colloquuntur:
1022 802 1163 867 obsideri
1186 824 1223 866 se
1247 825 1270 866 a

252 887 402 975 Gaesare3
435 911 532 974 opera
563 890 824 973 munitionesque
854 911 956 974 prope
988 911 1058 954 esse
1088 890 1270 975 perfectas3

252 977 366 1042 ducem
389 999 483 1041 suum
505 977 707 1063 Domitium,
728 978 819 1042 cuius
841 999 898 1062 spe
926 981 1023 1060 atque
1048 977 1168 1042 fiducie
1193 987 1270 1062 per·

252 1065 445 1150 manserint,
466 1066 619 1150 proiectis
644 1066 794 1130 omnibus
816 1065 914 1150 fugae
938 1065 1110 1130 consilium
1135 1087 1270 1149 capere:

223 1153 369 1217 edebere
393 1174 428 1217 se
451 1175 527 1217 suae
547 1153 661 1218 salutis
680 1153 840 1218 rationem
858 1153 985 1217 babere.
1015 1154 1068 1218 Ab
1086 1153 1138 1216 his
1156 1154 1267 1238 primo

253 1239 354 1304 Marsi
375 1241 545 1305 dissentire
563 1241 724 1325 incipiunt
741 1261 875 1324 eamque
895 1241 1005 1325 oppidi
1022 1246 1159 1326 partem,
1181 1263 1271 1325 quae

253 1328 473 1392 munitissima
499 1329 675 1414 videretur,
707 1333 880 1413 occupent,
910 1333 1066 1413 tantaque
1092 1330 1179 1393 inter
1208 1351 1267 1394 eos

254 1416 412 1480 dissensio
440 1417 582 1501 exsistit,
613 1421 651 1481 ut
682 1438 814 1480 manum
841 1437 1008 1482 conserere
1039 1421 1137 1500 atque
1164 1418 1267 1481 armis

224 1519 241 1566 4
256 1503 407 1568 dimicare
426 1509 595 1589 conentur3
613 1508 689 1588 post
706 1504 804 1589 paulo
823 1509 933 1568 tamen
950 1505 1160 1569 internuntiis
1175 1505 1271 1569 ultro

254 1593 399 1676 citroque
422 1592 545 1677 missis,
568 1613 648 1675 quae
671 1592 882 1677 ignorabant,
904 1592 942 1656 de
964 1592 1001 1656 L.
1023 1591 1163 1656 Domitii
1185 1593 1267 1678 fuga

224 1686 463 1766 ocognoscunt.
499 1680 614 1763 Itaque
634 1701 745 1744 omnes
763 1701 828 1744 uno
847 1679 983 1744 consilio
996 1679 1181 1744 Domitium
1192 1703 1267 1764 pro

254 1769 386 1833 ductum
408 1769 443 1832 in
465 1768 631 1852 publicum
655 1767 898 1833 circumsistunt
915 1772 949 1832 et
969 1768 1157 1833 custodiunt
1178 1768 1267 1854 lega-

254 1861 370 1940 tosque
402 1878 441 1921 ex
473 1877 532 1919 suo
563 1877 697 1920 numero
730 1856 771 1919 ad
802 1855 974 1921 Caesarem
1008 1857 1157 1919 mittrmt:
1195 1879 1268 1920 sese

253 1949 386 2028 paratos
410 1965 479 2007 esse
502 1947 613 2026 portas
637 1943 775 2028 aperire,
802 1965 946 2027 quaeque
968 1943 1190 2028 imperaverit,
1219 1945 1265 2008 fa-

255 2053 326 2096 cere
349 2035 382 2094 ct
404 2030 440 2094 L.
459 2029 642 2094 Domitium
664 2031 773 2095 vivum
797 2033 865 2095 eius
888 2031 1045 2115 potestati
1067 2031 1203 2095 tradere.

225 2135 239 2182 1
321 2117 408 2182 XXI.
446 2117 569 2193 Quibus
601 2119 697 2182 rebus
730 2119 870 2204 cognitis
901 2116 1033 2203 Caesar,
1062 2119 1124 2183 etsi
1153 2121 1265 2205 magni

253 2207 410 2270 interesse
434 2206 655 2270 arbitrabatur
677 2207 932 2290 quamprimum
952 2207 1070 2290 oppido
1090 2207 1192 2290 potiri
1214 2229 1264 2272 co·

254 2295 429 2376 hortosque
452 2294 493 2357 ad
516 2315 550 2358 se
572 2294 608 2357 in
626 2299 732 2359 castra
750 2295 931 2380 traducere,
952 2315 993 2358 ne
1012 2317 1076 2378 qua
1094 2299 1151 2359 aut
1168 2294 1265 2379 largi-

254 2382 399 2446 tionibus
433 2385 490 2445 aut
521 2381 621 2445 animi
653 2381 896 2446 confirmatione
929 2386 986 2446 eut
1016 2381 1109 2446 falsis
1140 2384 1263 2448 nuntiis

255 2469 467 2536 commutatio
490 2469 583 2533 fieret
601 2469 793 2554 voluntatis,
815 2469 902 2552 quod
920 2491 1015 2554 saepe
1033 2470 1069 2533 in
1088 2470 1175 2534 bello
1193 2493 1264 2555 par-

224 2559 303 2622 avis
322 2557 495 2622 momentis
510 2557 621 2642 magni
636 2579 729 2622 casus
742 2557 987 2641 intercederent,
1005 2562 1114 2622 temen
1131 2559 1265 2644 veritus,

253 2667 294 2709 ne
317 2645 458 2709 militum
476 2646 614 2710 introitu
632 2650 666 2710 et
682 2645 833 2709 nocturni
852 2645 1008 2730 temporis
1025 2646 1158 2710 licentia
1176 2648 1262 2732 oppi-
1349 2727 1350 2730 Ἴ

255 2734 331 2796 dum
355 2733 555 2818 diriperetur,
578 2755 646 2818 eos,
670 2733 725 2817 qui
743 2737 911 2818 venerant,
934 2733 1096 2798 collaudat
1114 2738 1211 2817 atque
1229 2737 1263 2800 in
1349 2741 1350 2769 ¹

255 2821 409 2904 oppidum
441 2821 591 2905 dimittIt,
621 2826 733 2905 portas
766 2842 939 2905 murosque
974 2821 1132 2886 asservari
1163 2822 1262 2887 iubet.

114 2896 116 2900 ¹
223 2908 328 2992 stse
353 2912 388 2972 ta
414 2909 455 2973 iis
484 2909 648 2994 operibus,
676 2930 757 2991 quae
783 2909 889 2974 facere
915 2909 1116 2993 instituerat,
1142 2910 1261 2976 milites

255 2997 412 3081 disponit,
433 3017 500 3060 non
523 2997 619 3061 certis
643 2996 758 3080 spatiis
780 2997 989 3082 intermissis,
1014 3002 1053 3062 ut
1080 3001 1149 3061 erat
1172 3019 1260 3082 supc-

253 3085 377 3149 riorum
395 3084 518 3148 dierum
542 3083 755 3168 consuetudo,
783 3085 838 3149 sed
860 3085 1024 3170 perpetuis
1051 3085 1172 3170 vigiliis
1198 3091 1260 3150 sta-

253 3173 476 3256 tionibusque,
510 3176 548 3235 ut
582 3171 774 3256 contingant
809 3173 894 3237 inter
931 3195 964 3236 se
1001 3177 1097 3256 atque
1133 3195 1258 3239 omnem

223 3260 467 3324 smunitionem
496 3259 659 3344 expleant3
685 3259 834 3324 tribunos
862 3260 1004 3324 militum
1026 3265 1059 3324 et
1080 3261 1259 3345 praefectos

254 3346 480 3413 circummittit
502 3352 599 3430 atque
621 3347 781 3433 hortatur,
804 3369 872 3412 non
894 3347 999 3410 solum
1022 3349 1063 3412 ab
1086 3349 1258 3432 eruptioni-

253 3436 314 3500 bus
338 3438 486 3517 caveant,
509 3435 564 3499 sed
588 3434 687 3498 etiam
710 3434 912 3521 singulorum
929 3434 1098 3500 hominum
1117 3438 1258 3503 occultos

223 3523 359 3589 teritus
379 3527 551 3587 asservent.
581 3521 695 3606 Neque
714 3545 790 3588 vero
809 3528 877 3588 tam
895 3522 1031 3587 remisso
1052 3546 1089 3590 ec
1107 3525 1257 3610 languido
