2758 4114
416 211 484 269 nm.
503 213 525 267 Ι.
559 211 636 267 ΟΑΡ.
656 210 765 266 1-1111
1077 213 1097 276 3

87 359 152 422 Pro
175 355 383 421 multitudine
410 359 519 420 autem
545 355 713 420 hominum
736 359 769 420 et
797 378 856 440 pro
884 356 990 441 gloria
1019 356 1132 421 bellis

89 449 188 529 atque
205 442 407 510 fortitudinis
427 447 585 529 angustos
608 464 643 507 sc
661 443 737 508 finis
755 443 876 509 habere
895 444 1097 509 arbitraban-

87 538 152 617 tur,
174 532 230 617 qui
252 533 287 596 in
306 530 542 616 longitudinem
561 530 651 596 milia
673 552 827 615 passuum
847 548 944 616 ccxn,
966 532 1001 596 in
1023 533 1096 596 lati·

87 621 233 686 tudinem
257 636 375 685 cnm
397 620 562 702 patebant.
629 645 633 650 ·

176 707 235 774 m
266 707 328 772 His
350 707 446 772 rebus
470 707 601 772 adducti
623 711 656 772 et
679 707 872 773 auctoritate
891 706 1096 795 Orgetorigis
1117 724 1129 770 1

88 796 230 882 permoti
248 797 488 861 constituerunt
508 817 556 880 ea,
579 817 661 880 quac
684 795 725 859 sd
742 795 1010 880 proficiscendum
1028 818 1097 880 pcr-

88 885 243 968 tinerent,
270 905 472 968 comparare,
501 883 718 948 iumentorum
747 886 779 947 ct
806 905 971 949 carrorum
1000 907 1096 969 quam

89 972 266 1038 maximum
283 993 455 1036 numerum
471 977 623 1054 cotimere,
643 974 803 1035 sementes
823 993 920 1056 quam
939 973 1096 1038 maximas

88 1062 208 1143 facere,
234 1060 330 1126 utin
355 1059 472 1124 itinere
500 1059 593 1144 copia
620 1059 776 1124 frumenti
799 1064 999 1144 suppeteret,
1024 1082 1097 1126 cum

88 1145 245 1235 proximis
273 1147 461 1212 civitatibus
489 1169 602 1231 pacem
629 1150 663 1212 et
691 1146 869 1212 amicitiam
896 1149 1097 1214 confirmare.

88 1237 140 1302 Ad
164 1258 219 1302 eus
242 1257 294 1300 res
320 1235 533 1302 conficiendas
562 1235 726 1300 biennium
750 1235 813 1300 sibi
840 1236 922 1300 satis
950 1257 1019 1300 esse
1042 1236 1131 1301 dur

88 1328 220 1390 xerunt:
250 1324 285 1388 in
311 1323 445 1388 tertium
474 1344 594 1388 annum
622 1323 855 1407 profectionem
885 1325 957 1410 lege
985 1325 1097 1389 confir-

88 1417 189 1480 mant.
225 1412 278 1477 Ad
296 1433 350 1476 eas
368 1433 420 1476 res
438 1411 652 1476 conficiendas
671 1411 843 1496 Orgetorix
862 1411 1024 1496 deligitur.
1063 1412 1096 1476 Is
1115 1428 1131 1476 s

88 1503 152 1567 sibi
179 1500 377 1586 legationem
406 1499 445 1562 ad
474 1499 623 1564 civitates
653 1499 803 1584 suscepit.
855 1499 894 1564 In
921 1521 959 1564 eo
982 1500 1132 1565 itineres

87 1589 263 1676 persuadet
281 1585 412 1652 Castico
427 1586 723 1653 Catamantaloedis
741 1588 809 1653 filio
829 1585 988 1672 Sequano,
1006 1588 1096 1653 cuius

87 1681 183 1764 pater
201 1697 337 1760 regnum
359 1675 394 1739 in
413 1672 569 1760 Sequanis
593 1676 713 1740 multos
736 1697 838 1740 annos
858 1675 1045 1740 obtinuerat
1064 1680 1097 1740 et

88 1790 108 1830 a
132 1767 248 1830 senatu
275 1763 388 1848 populi
415 1763 555 1828 Romani
585 1763 707 1828 amicus
736 1763 921 1848 appellatus
949 1767 1033 1846 erat,
1060 1768 1097 1828 ut

86 1874 227 1940 regnum
255 1851 290 1916 in
320 1851 452 1916 civitate
482 1873 541 1915 sua
568 1856 753 1936 occuparet,
783 1851 868 1936 quod
897 1855 992 1936 pater
1021 1855 1096 1916 ante

86 1941 263 2024 habuerat3
285 1940 428 2023 itemque
451 1939 646 2026 Dumnorigi
668 1937 791 2017 deduc,
816 1939 911 2004 fratri
935 1939 1131 2022 Divitiaci,o

87 2029 146 2114 qui
169 2049 207 2094 eo
233 2031 381 2112 tempore
407 2027 625 2114 principatum
648 2027 682 2091 in
705 2027 837 2094 civitate
867 2027 1037 2092 obtinebat
1060 2050 1097 2093 ac

87 2116 230 2182 maxime
257 2114 347 2201 plebi
369 2118 519 2200 acceptus
543 2119 627 2199 erat,
654 2119 691 2180 ut
712 2115 798 2180 idem
821 2121 1006 2201 conaretur,
1028 2137 1098 2202 per·

88 2204 206 2270 suadet
229 2203 322 2288 eique
344 2203 446 2268 filiam
469 2225 561 2268 suam
584 2203 619 2268 in
641 2203 885 2269 matrimonium
908 2204 972 2269 dat.
1024 2205 1132 2270 Per-e

86 2293 185 2359 facile
205 2291 295 2358 factu
314 2313 384 2356 esse
406 2290 473 2356 illis
492 2292 612 2375 probat
634 2295 751 2358 conata
768 2292 930 2377 perficere,
952 2297 1097 2378 propter·

87 2405 128 2447 ea
147 2380 232 2466 quod
250 2380 320 2466 ipse
339 2401 416 2444 suae
434 2379 576 2445 civitatis
596 2380 769 2465 imperium
788 2381 979 2446 obtenturus
998 2385 1097 2446 esset:

85 2491 156 2535 non
179 2489 250 2533 esse
273 2467 419 2549 dubium,
448 2468 526 2552 quin
548 2467 649 2533 totius
673 2467 799 2534 Galliae
821 2469 998 2552 plurimum
1021 2467 1098 2534 Hel-

86 2557 169 2624 vetii
187 2559 334 2641 possent;
353 2577 388 2621 ss
407 2555 474 2620 suis
493 2556 594 2642 copiis
613 2578 735 2641 suoque
753 2556 895 2622 exercitu
913 2556 979 2621 illis
997 2576 1098 2641 regna

85 2645 338 2712 conciliaturum
365 2645 544 2710 confirmat.
595 2643 667 2710 Hac
690 2645 836 2709 oratione
861 2643 989 2708 adducti
1012 2644 1131 2709 interr

86 2757 123 2800 sc
146 2733 244 2798 fidem
268 2736 301 2798 et
323 2732 374 2798 ius
392 2732 563 2797 iurandum
586 2733 665 2797 dant
688 2736 722 2797 et
740 2753 841 2818 regno
860 2735 1017 2816 occupato
1040 2755 1098 2817 per

85 2827 158 2888 tres
181 2820 427 2908 potentissimos
451 2842 488 2886 ac
510 2821 714 2886 firmissimos
736 2820 874 2906 populor
898 2819 1000 2885 totius
1021 2819 1098 2885 Gal-

85 2911 154 2976 liae
178 2931 249 2975 sese
271 2908 371 2994 potiri
393 2929 489 2992 posse
512 2913 654 2993 sperant.

178 2996 253 3062 IIII.
284 2996 335 3062 Ea
352 3017 403 3060 res
424 3000 474 3060 est
491 2995 651 3061 Helvetiis
671 3019 730 3082 per
747 2995 901 3060 indicium
920 2996 1097 3062 enuntiata.
1117 3011 1130 3059 1

85 3086 237 3153 Moribus
265 3085 332 3149 suis
361 3083 588 3170 Orgetorigem
618 3105 657 3150 ex
686 3084 802 3150 vinclis
834 3105 966 3150 causam
994 3084 1097 3149 dicere

85 3175 280 3260 coegerunt5
301 3172 489 3236 damnatum
508 3193 646 3256 poenam
665 3172 755 3257 sequi
774 3171 957 3257 oportebat,
974 3175 1012 3236 ut
1029 3172 1098 3256 igni

85 3264 297 3328 cremaretur.
337 3259 399 3324 Die
417 3259 596 3324 constituta
614 3282 731 3326 causac
749 3260 900 3326 dictionis
923 3258 1097 3342 Orgetorix
1116 3275 1132 3323 r

85 3351 132 3418 ad
149 3348 304 3415 iudicium
319 3369 448 3412 omnem
467 3369 559 3412 suam
577 3347 745 3430 familiam,
764 3348 805 3413 ad
820 3347 989 3413 hominum
1008 3347 1099 3412 milia

85 3439 209 3522 decem,
232 3436 372 3522 undique
392 3435 502 3522 coegit
524 3439 558 3500 et
575 3457 687 3501 omnes
710 3435 844 3501 clienter
863 3435 1097 3519 obaeratosque

85 3547 176 3611 suos,
199 3545 336 3608 quorum
355 3544 511 3610 magnum
528 3545 700 3589 numerum
717 3523 869 3609 habebat,
892 3522 1004 3588 ecdem
1024 3543 1098 3588 con·

904 3625 940 3680 ¹0
