2754 4124
332 216 401 272 LIB.
419 217 453 273 V.
491 216 567 273 OAP.
586 215 886 274 xxm-xxxxv.
1049 217 1110 282 10'1

104 358 200 422 Titus
229 357 322 425 Pulio
350 363 384 424 et
410 359 526 425 Lucius
549 357 707 426 Vorenus.
756 359 801 424 Hi
827 365 1001 446 perpetuas
1027 363 1146 426 intera

104 469 140 510 se
170 449 405 512 controversias
432 447 611 531 habebant,
641 448 772 530 quinam
795 449 1023 534 anteferretur,
1046 471 1111 514 om·

102 535 266 618 nibusque
289 537 383 599 annis
407 535 445 599 de
468 535 548 600 locis
579 537 714 601 summis
737 536 958 602 simultatibus
981 541 1110 602 conten·

103 623 235 686 debant.
280 623 329 686 Ex
357 623 409 687 his
432 623 537 700 Polio,
565 645 639 688 cum
667 624 821 688 acerrime
848 624 889 688 ad
916 625 1145 688 munitioness

102 709 1111 882 {autumabatur&ulterutram

103 887 165 950 tria
190 889 399 952 controversiis
425 888 580 952 iudicabit.
630 887 719 952 Haec
751 909 824 952 cum
855 888 1002 972 dixisset,
1035 903 1144 972 pro-4

105 973 193 1037 cedit
216 977 308 1038 extra
330 975 535 1058 munitiones,
559 996 704 1058 quaeque
726 997 802 1058 pars
825 975 969 1040 hostium
988 976 1109 1041 confer-

103 1061 234 1126 tissima
257 1066 307 1126 est
329 1062 415 1147 visa,
438 1063 598 1147 irrumpit.
642 1062 693 1126 Ne
716 1063 864 1127 Vorenus
888 1063 1017 1148 quidem
1040 1079 1144 1128 soseo

102 1149 193 1214 vallo
225 1149 383 1232 continet,
420 1150 476 1214 sed
508 1150 651 1215 omnium
683 1151 805 1216 veritus
838 1151 1109 1216 existimationem

104 1237 321 1321 subsequitur.
371 1237 527 1303 Mediocri
554 1238 660 1323 spatio
688 1238 800 1304 relicto
823 1238 917 1303 Pulio
944 1239 1048 1324 pilum
1075 1239 1144 1304 ino

103 1326 217 1390 hostes
237 1325 386 1389 immittit
405 1331 500 1409 atque
519 1348 618 1390 unum
641 1347 680 1390 ex
698 1327 905 1391 multitudine
923 1349 1109 1411 procurren-

103 1418 171 1477 tem
194 1413 318 1497 traicit3
345 1435 409 1498 quo
432 1435 584 1498 percusso
612 1417 645 1478 et
673 1414 869 1498 exanimato,
892 1414 982 1479 'hunc
1009 1415 1109 1479 scutis

103 1505 297 1586 protegunt,
330 1501 365 1564 in
391 1502 519 1566 hostem
550 1502 618 1566 tela
647 1502 788 1566 universi
815 1502 977 1567 coniciunt
1007 1524 1109 1585 neque

105 1589 185 1652 dant
207 1589 409 1674 regrediendi
426 1589 625 1656 facultatem.
670 1589 885 1675 Transfigitur
904 1594 1032 1654 scutum
1049 1589 1110 1654 l’u-
1129 1607 1144 1654 7

104 1677 186 1741 lioni
209 1681 242 1741 et
264 1681 413 1741 verutum
436 1677 471 1740 in
493 1679 602 1743 balteo
626 1677 786 1763 defigitur.
832 1678 964 1743 Avertit
982 1677 1035 1742 hic
1059 1697 1144 1742 aaa

105 1786 161 1828 sus
194 1765 347 1850 vaginam
379 1771 411 1829 et
447 1765 590 1848 gladium
629 1766 761 1829 educere
798 1765 927 1831 conanti
964 1765 1109 1829 dextram

106 1856 253 1916 moratur
276 1875 420 1937 manum,
449 1853 704 1936 impeditumque
726 1853 838 1918 hostes
862 1855 1110 1918 circumsistunt.

107 1939 271 2005 Succurrit
294 1940 443 2006 inimicus
465 1941 516 2006 illi
536 1941 685 2006 Vorenus
710 1944 742 2005 et
764 1941 928 2006 laboranti
951 1941 1144 2006 subvenite

105 2028 159 2092 Ad
181 2027 267 2093 hunc
286 2049 320 2093 sa
338 2028 510 2093 confestim
529 2052 549 2092 a
566 2028 702 2093 Pulionc
722 2031 827 2094 omnis
846 2029 1019 2094 multitudo
1039 2051 1110 2094 con·
1130 2046 1162 2094 10

104 2115 218 2199 vertit,
241 2117 335 2181 illum
353 2120 466 2181 veruto
486 2117 686 2182 arbitrantur
705 2117 854 2182 occisum.
892 2117 1007 2182 Gladio
1026 2139 1110 2182 com·
1130 2135 1157 2180 11

105 2203 212 2268 minus
232 2227 299 2269 rem
319 2205 404 2290 gerit
416 2203 564 2269 Vorenus
583 2210 680 2289 atque
699 2227 762 2270 uno
779 2205 948 2270 interfecto
968 2205 1109 2290 reliquos

104 2293 240 2377 paulum
266 2293 435 2377 propellit,
458 2293 534 2356 dum
561 2293 707 2378 cupidius
729 2293 844 2375 instat,
873 2294 1036 2357 inlocum
1060 2293 1110 2357 de

104 2382 208 2444 iectus
231 2379 416 2444 inferiorem
439 2380 585 2446 concidit.
638 2379 723 2444 Huic
753 2402 864 2444 rursus
893 2381 1109 2446 circumvento
1131 2397 1163 2443 12

105 2470 171 2532 fert
189 2467 367 2532 subsidium
385 2468 493 2552 Pulio,
516 2472 614 2552 atque
632 2469 727 2532 ambo
745 2469 921 2534 incolumes
941 2468 1111 2552 compluri-

105 2558 168 2620 bus
191 2555 369 2620 interfectis
394 2578 520 2620 summa
543 2578 614 2621 cum
637 2556 732 2620 laude
756 2578 826 2620 sese
848 2557 936 2620 intra
958 2556 1107 2620 munitio·

105 2665 164 2708 nes
183 2644 351 2728 recipiunt.
392 2643 444 2710 Sic
461 2643 592 2708 fortuna
609 2643 644 2708 in
662 2645 867 2708 contentione
886 2648 919 2708 et
938 2645 1111 2708 certamine
1132 2663 1162 2708 1³

106 2736 281 2816 utrumque
300 2734 450 2814 versavit,
472 2737 509 2796 ut
532 2733 614 2796 alter
633 2732 729 2796 alteri
747 2732 896 2797 inimicus
920 2732 1039 2796 auxilio
1064 2753 1111 2796 sa-

106 2819 230 2904 lutique
250 2823 344 2902 esset,
367 2841 469 2903 neque
489 2820 657 2884 diiudicari
675 2825 796 2904 posset,
818 2824 890 2884 uter
907 2819 973 2884 utri
991 2821 1111 2884 virtute

107 2907 333 2972 anteferendus
357 2908 528 2972 videretur.

195 2994 357 3060 XXXXV.
390 2993 517 3071 Quanto
537 3000 607 3060 erat
624 2995 741 3060 indies
763 2998 893 3082 gravior
912 2993 1009 3081 atque
1023 3017 1112 3080 aspa
1133 3015 1143 3060 1

107 3085 176 3148 rior
200 3083 417 3170 oppugnatio,
441 3088 474 3148 et
496 3084 643 3166 maxime,
667 3084 751 3168 quod
774 3105 893 3168 magna
915 3087 1008 3168 parte
1030 3084 1113 3148 mili-

108 3176 179 3235 tum
199 3171 344 3236 confecta
362 3171 549 3236 vulneribus
567 3193 619 3236 res
634 3171 674 3236 ad
692 3173 889 3256 paucitatem
909 3173 1113 3236 defensorum

108 3263 309 3345 pervenerat,
332 3263 425 3324 tanto
445 3258 620 3324 crebriores
638 3260 768 3324 litterae
786 3261 955 3344 nuntiique
974 3260 1015 3324 ad
1034 3257 1113 3324 Cae-

109 3370 216 3413 sarem
240 3347 468 3431 mittabantur3
496 3369 632 3432 quorum
659 3371 735 3432 pars
759 3348 957 3432 deprehensa
982 3347 1017 3411 in
1039 3369 1112 3412 con·

110 3439 222 3520 spectu
252 3440 439 3500 nostrorum
472 3435 612 3500 militum
647 3457 719 3500 cum
751 3437 894 3501 cruciatu
929 3435 1113 3500 necabatur.

110 3523 193 3588 Erat
215 3545 298 3588 unus
325 3524 413 3588 intus
436 3523 574 3588 Nervius
596 3525 726 3588 nomine
748 3523 894 3607 Vertico,
923 3525 993 3588 loco
1016 3527 1147 3588 natusa
