2746 4120
361 229 475 284 COMM.
493 229 526 287 Π,
559 229 634 284 cAP.
654 227 941 284 xxxvss-xxxxr.
1112 227 1155 292 69

144 375 278 455 piamon
311 373 417 438 Erant
434 395 492 458 per
510 395 544 437 se
567 395 699 459 magna,
723 394 805 458 quae
829 375 998 458 gesserunt
1021 371 1186 457 equites,4

145 461 338 546 praesertim
365 484 439 526 cum
470 483 582 526 eorum
609 462 744 546 exiguus
771 467 929 524 'numerus
962 483 1035 524 cum
1063 463 1156 524 tanta

146 550 355 614 multitudine
379 548 594 614 Numidarum
617 549 824 614 conferretur.
869 547 959 612 Haec
981 552 1092 612 tamen
1114 549 1155 612 ab

145 637 228 723 ipsis
249 637 395 702 inflatius
420 638 769 720 commemorabantur,
795 641 833 701 ut
855 637 894 701 de
918 635 984 700 suis
1007 635 1155 700 homines

145 725 298 790 laudibus
324 725 465 790 libenter
490 725 684 810 praedicant.
729 724 835 788 Multa
855 728 1027 809 praeterea
1052 724 1186 808 spolias

146 813 406 898 proferebantur,
427 814 515 896 capti
533 812 680 877 homines
703 812 921 896 equi[tes]que
939 812 1157 896 produceban-

147 907 216 984 tur,
247 905 298 986 ut,
330 901 483 985 quicquid
512 900 725 966 intercederet
760 900 930 985 temporis,
967 899 1029 965 hoc
1062 920 1156 964 omne

147 988 319 1053 victoriam
341 988 462 1054 morari
479 987 650 1053 videretur.
683 989 736 1052 lta
754 988 823 1072 spei
842 985 991 1052 Curionis
1014 987 1100 1052 milit

149 1076 258 1140 studia
279 1097 346 1140 non
369 1077 508 1141 deerant.
552 1076 688 1160 Equites
712 1076 803 1160 sequi
824 1075 916 1140 iubet
939 1097 1009 1140 sese
1030 1075 1187 1159 iterquee

149 1164 321 1249 accelerat,
342 1169 380 1229 ut
403 1186 500 1248 qnam
518 1164 657 1228 maxime
676 1185 716 1228 ex
732 1164 812 1248 fuga
829 1165 1019 1248 perterritos
1038 1163 1157 1229 adoriri

148 1256 269 1337 posset.
307 1251 355 1316 At
376 1251 425 1316 illi
447 1252 563 1316 itinere
586 1252 689 1316 totius
712 1252 818 1317 noctis
842 1251 981 1316 confecti
1004 1252 1157 1335 subsequi

148 1361 216 1404 non
232 1344 399 1424 poterant,
421 1344 518 1422 atque
537 1339 592 1403 alii
611 1339 675 1404 alio
692 1340 765 1405 loco
784 1339 988 1404 resistebant.
1010 1338 1062 1404 Ne
1077 1339 1157 1405 haec

150 1428 279 1512 quidem
302 1448 350 1492 res
373 1423 547 1492 Curionem
570 1427 610 1492 ad
634 1449 724 1512 spem
747 1428 943 1492 morabatur.

215 1513 348 1580 XXXX.
372 1514 456 1579 Iuba
473 1515 591 1580 certior
609 1516 715 1581 factus
738 1539 758 1579 a
776 1513 919 1580 Saburra
941 1515 980 1579 de
996 1519 1156 1580 nocturno
1173 1532 1184 1579 1

150 1603 273 1690 proelio
293 1621 319 1667 11
336 1602 427 1668 milia
439 1602 661 1688 Hispanorum
675 1608 708 1668 et
723 1602 891 1668 Gallorum
905 1603 1060 1687 equitum,
1078 1625 1158 1687 quos

150 1712 227 1756 suae
251 1691 417 1756 custodiae
441 1713 538 1756 causa
565 1692 686 1757 circum
714 1713 747 1756 se
770 1692 889 1756 habere
915 1695 1100 1776 consuerat,
1126 1697 1159 1755 et

149 1779 295 1864 peditum
313 1801 385 1844 eam
403 1784 540 1865 partem,
558 1780 610 1844 cui
628 1780 767 1844 maxime
786 1780 978 1863 confidebat,
999 1776 1158 1844 Saburrae

151 1867 327 1952 summisit3
353 1867 423 1951 ipse
451 1889 525 1932 cnm
551 1868 684 1951 reliquis
712 1868 813 1952 copiis
841 1867 1084 1952 elephantisque
1110 1884 1159 1931 nx

151 1953 271 2018 lentius
300 1955 515 2038 subsequitur.
563 1953 752 2040 Suspicatus
778 1955 965 2041 praemissis
995 1954 1189 2038 equitibusa

151 2041 259 2126 ipsum
282 2043 381 2106 affore
405 2041 578 2108 (lurionem
601 2043 744 2108 Saburra
766 2044 875 2129 copias
903 2043 1048 2127 equitum
1073 2043 1159 2127 pedi-

151 2133 285 2212 tumque
299 2130 433 2194 instruit
448 2136 544 2214 atque
558 2132 610 2196 his
623 2132 771 2216 imperat,
788 2137 825 2196 nt
842 2131 1047 2196 simulatione
1065 2131 1160 2196 timo-

150 2217 196 2281 ris
219 2217 378 2302 paulatim
396 2219 511 2283 cedant
529 2242 567 2284 ac
584 2221 699 2304 pedem
711 2219 865 2284 referant:
889 2243 968 2305 sese,
986 2241 1060 2284 cnm
1079 2241 1159 2303 opus

151 2310 251 2390 esset,
274 2305 404 2391 signum
426 2307 541 2390 proelii
560 2309 711 2372 daturum
734 2313 780 2394 et,
803 2309 889 2392 quod
906 2331 975 2372 rem
993 2307 1159 2391 postulare

152 2394 372 2479 cognovisset,
393 2395 635 2479 imperaturum.
669 2394 775 2481 Ourio,
794 2397 834 2461 ad
852 2396 1051 2480 superiorem
1069 2416 1159 2478 spem
1174 2411 1190 2458 a

153 2481 263 2545 addita
284 2483 464 2566 praesentis
487 2484 644 2568 temporis
663 2484 827 2568 opinione,
848 2484 960 2548 hostes
980 2482 1092 2568 fugere
1112 2504 1159 2546 ar-

152 2569 309 2653 bitratus,
329 2571 438 2655 copias
457 2593 496 2635 ex
514 2572 595 2636 locis
609 2571 828 2656 superioribus
841 2572 877 2636 in
895 2593 1045 2654 campum
1064 2570 1160 2635 ducit.

219 2655 368 2722 XXXXI.
405 2658 529 2734 Quibus
557 2682 596 2724 ex
622 2660 703 2725 locis
726 2681 801 2724 cum
822 2659 952 2744 longius
979 2661 1065 2723 esset
1087 2675 1189 2742 proi

153 2766 294 2830 gressus,
311 2745 458 2812 confecto
472 2747 538 2811 iarn
551 2748 662 2812 labore
677 2747 820 2812 exercitu
833 2765 893 2811 xv1
908 2746 1034 2810 milium
1053 2747 1159 2831 spatio

152 2833 311 2898 constitit.
355 2832 423 2898 Dat
445 2835 512 2898 suis
536 2835 665 2922 signum
689 2833 839 2920 Saburra,
864 2835 966 2899 aciem
989 2834 1190 2899 constituite

152 2926 186 2986 ct
211 2921 380 2987 circumire
408 2923 535 2986 ordines
563 2929 659 3007 atque
685 2923 810 2988 hortari
837 2923 967 3009 incipit3
993 2923 1049 2986 sed
1074 2920 1161 3008 p'edi-

153 3013 226 3074 tatu
253 3009 422 3074 dumtaxat
447 3010 561 3094 procul
588 3013 628 3076 ad
655 3012 795 3096 speciem
824 3010 942 3096 utitur,
970 3010 1095 3096 equites
1124 3010 1161 3074 in

151 3097 256 3161 aciem
278 3097 390 3161 mittit.
431 3097 508 3162 Non
531 3099 620 3164 deest
646 3100 779 3186 negotio
803 3096 1066 3182 Ouriosnosque
1088 3097 1190 3162 hor-a

153 3187 251 3269 tatur,
272 3190 310 3250 ut
333 3207 424 3270 spem
448 3207 575 3252 omnem
592 3187 628 3252 in
645 3188 766 3252 virtute
784 3191 950 3271 reponant.
980 3185 1031 3250 Ne
1050 3184 1161 3249 militi-

153 3271 215 3336 bus
240 3273 383 3359 quidem,
409 3278 447 3338 ut
475 3273 623 3360 defessis,
648 3298 752 3360 neque
780 3275 958 3359 equitibus,
984 3277 1022 3337 ut
1048 3273 1160 3358 paucis

154 3363 188 3422 et
208 3359 319 3426 labore
342 3362 512 3447 confectis,
535 3363 678 3429 studium
701 3365 741 3428 ad
763 3363 972 3448 pugnandum
994 3360 1161 3444 virtusque

154 3447 276 3534 deerat,
299 3450 355 3514 sed
372 3449 407 3514 hi
426 3455 519 3515 erant
536 3472 670 3516 numero
690 3471 744 3537 cc,
766 3451 882 3535 reliqui
899 3451 935 3514 in
954 3448 1070 3513 itinere
1088 3447 1162 3512 sub·

153 3535 314 3608 stiterant.
355 3536 414 3624 Hi,
436 3561 671 3622 quamcumque
693 3540 728 3604 in
750 3543 876 3624 partem
900 3539 1059 3622 impetum
1081 3536 1192 3602 fecer
