2754 4124
322 186 387 242 ldB.
407 187 467 242 VIl.
500 177 576 242 GAP'.
595 184 883 242 xxxv-xxxvm.
1048 185 1109 248 157

101 329 143 394 tis
167 330 297 416 egregie
321 330 465 394 munitus
489 335 586 414 atque
610 352 648 394 ex
672 329 760 394 omni
779 332 872 414 parte
891 327 1112 411 circumcisum

99 439 197 500 quem
220 417 248 481 si
270 422 419 483 tenerent
441 417 555 501 nostri,
578 421 611 482 et
633 439 736 502 aquae
755 438 875 502 magna
893 419 987 501 parte
1006 419 1039 480 et
1050 437 1112 568 pa

101 505 269 570 bulatione
296 506 399 571 libera
426 505 624 590 prohibituri
652 507 763 570 hostes
794 503 997 571 videbantur.

100 593 129 656 is
152 593 243 658 locus
266 593 429 678 praesidio
457 595 499 659 ab
526 593 578 658 his
606 615 671 658 non
694 593 791 658 nimis
813 593 908 657 firmo
932 592 1112 656 tenebatur.

99 680 226 745 Tamen
239 681 369 746 silentio
387 681 493 747 noctis
508 679 629 747 Caesar
647 703 686 745 ex
704 681 820 747 castris
835 701 994 765 egressus,
1013 678 1111 764 prius,
1131 694 1146 742 ἰ

101 791 200 852 quam
224 769 367 834 subsidio
392 791 431 833 ex
459 769 578 854 oppido
602 769 704 834 veniri
725 773 850 854 posset,
873 768 996 834 deiecto
1020 789 1112 853 praa-

98 856 183 921 sidio
207 859 331 941 potitus
356 857 436 940 loco,
461 857 540 922 duas
559 858 604 922 ibi
624 857 767 942 legiones
786 857 959 924 collocavit
976 856 1112 921 fossam-

98 967 162 1028 que
191 945 353 1029 duplicem
383 945 565 1010 duodenum
597 946 714 1028 pedum
742 967 762 1010 a
789 944 967 1010 maioribus
995 945 1111 1009 castris

100 1033 143 1096 ad
168 1032 295 1097 minora
317 1033 476 1118 perduxit,
499 1037 632 1102 ut.tuto
654 1032 696 1097 ab
716 1033 884 1118 repentino
903 1032 1047 1098 hostium
1066 1032 1112 1096 in-

98 1142 199 1185 cursu
222 1121 320 1184 etiam
343 1121 465 1206 singuli
488 1142 668 1186 commeare
690 1123 832 1204 possent

190 1207 356 1274 XXXVII.
379 1207 560 1274 Dumbaco
578 1210 619 1273 ad
633 1207 830 1294 Gergoviam
850 1211 1014 1294 geruntur,
1029 1205 1112 1274 Con·
1133 1223 1146 1271 1

100 1295 302 1362 victolitavis
330 1297 475 1380 Aeduus,
507 1296 558 1361 cui
586 1297 816 1382 magistratum
848 1296 1066 1361 adiudicatum
1094 1318 1113 1360 a

101 1383 243 1450 (laesere
271 1383 576 1462 demonstravimus,
598 1385 792 1450 sollicitatus
817 1385 858 1452 ab
881 1384 1037 1448 Arvernis
1060 1405 1113 1469 pa·

102 1472 200 1536 cunia
222 1494 294 1537 cum
318 1472 512 1557 quibusdam
531 1473 790 1538 adulescentibus
810 1471 1014 1555 colloquitur,
1037 1493 1112 1556 quo-

100 1582 174 1624 rum
193 1563 264 1624 erat
281 1561 429 1644 princeps
445 1559 628 1626 Litaviccus
643 1564 739 1644 atque
754 1560 822 1624 eius
836 1561 963 1642 fratres,
982 1559 1112 1644 amplis·

99 1649 187 1712 sima
216 1647 342 1713 familia
369 1649 440 1712 nati
469 1649 700 1714 adulescentes.
753 1646 835 1713 Cum
858 1648 909 1712 his
932 1647 1147 1734 praemiuma

102 1737 323 1801 communicat
340 1735 563 1821 hortaturque,
583 1740 619 1800 ut
633 1757 667 1801 se
681 1737 803 1801 liberos
818 1739 851 1800 et
865 1735 1000 1820 imperio
1016 1740 1112 1800 natos

102 1823 319 1889 meminerint.
368 1823 477 1889 Unam
505 1845 575 1889 esse
608 1823 794 1888 Aeduorum
821 1824 1001 1905 civitatem,
1031 1838 1147 1906 quaes

98 1911 320 1977 certissimam
335 1911 459 1977 Galliae
473 1912 644 1978 victoriam
659 1911 818 1996 detineat3
836 1912 904 1977 eius
920 1911 1113 1976 auctoritate

103 1999 249 2084 reliquas
268 2000 438 2083 contineri,
462 2022 526 2084 qua
544 2000 694 2065 traducta
711 2001 818 2066 locum
837 1999 1032 2065 consistendi
1051 1998 1113 2063 Ro-

103 2088 212 2152 manis
235 2087 270 2151 in
293 2086 402 2152 Gallia
425 2110 491 2152 non
512 2087 592 2152 fore.
624 2087 703 2152 Esse
721 2110 787 2152 non
804 2087 894 2153 nullo
911 2109 945 2152 se
963 2086 1112 2153 Caesaris
1131 2101 1148 2148 4

101 2175 258 2240 beneficio
277 2176 437 2258 affectum,
457 2176 502 2240 sic
516 2180 635 2258 tamen,
654 2179 690 2240 ut
704 2175 917 2240 iustissimam
936 2175 1020 2260 apud
1040 2197 1113 2240 eum

101 2285 237 2328 causam
252 2263 443 2349 obtinuerit3
463 2265 519 2328 sed
537 2264 611 2348 plus
627 2265 789 2328 communi
803 2263 948 2330 libertati
961 2265 1113 2328 tribuere.

101 2351 171 2416 Gur
194 2352 278 2416 enim
305 2351 416 2436 potius
439 2350 544 2416 Aedui
566 2352 605 2416 de
629 2373 687 2416 suo
711 2353 779 2416 iure
803 2352 897 2416 etde
920 2352 1048 2437 legibus
1072 2351 1147 2415 ads

103 2438 275 2504 Caesarem
309 2441 574 2524 disceptatorem,
608 2462 705 2523 quam
737 2439 877 2505 Romani
909 2439 950 2504 ad
982 2439 1113 2504 Aeduos

102 2527 257 2592 veniant?
309 2525 465 2592 Celeriter
488 2527 747 2592 adulescentibus
771 2532 804 2592 et
826 2527 972 2592 oratione
996 2526 1148 2613 magis-e

102 2619 211 2680 tratus
235 2619 268 2680 et
295 2616 438 2700 praemio
462 2614 615 2699 deductis,
638 2638 711 2680 cum
734 2637 769 2680 se
791 2615 843 2684 vel
861 2615 1022 2700 principes
1045 2614 1113 2680 eius

102 2702 232 2768 consilii
246 2702 315 2768 fore
329 2704 569 2787 profiterentur,
587 2703 671 2768 ratio
690 2703 875 2786 perficiendi
889 2703 1113 2788 quaerebatur,

104 2791 192 2875 quod
215 2791 380 2856 civitatem
402 2795 524 2856 temere
544 2791 584 2856 ad
603 2791 841 2876 suscipiendum
859 2791 980 2855 bellum
1000 2791 1114 2856 adduci

104 2901 202 2964 posse
229 2901 295 2943 non
323 2879 535 2944 confidebant.
580 2878 717 2960 Placuit,
739 2883 777 2944 ut
799 2879 981 2944 Litaviccus
1005 2881 1148 2946 decemr

104 2967 173 3031 illis
188 2967 329 3050 milibus,
349 2989 430 3050 quae
446 2965 577 3032 Caesari
596 2969 637 3032 ad
650 2969 772 3032 bellum
791 2969 1007 3050 mitterentur,
1024 2989 1114 3050 praa

104 3056 256 3121 ficeretur
279 3059 375 3139 atque
399 3077 437 3119 ea
460 3055 603 3120 ducenda
626 3059 762 3141 curaret,
784 3055 967 3140 fratresque
986 3055 1054 3120 eius
1074 3055 1115 3120 ad

106 3141 280 3208 Caesarem
303 3147 554 3228 praecurrerent.
591 3143 729 3228 Reliqua
748 3166 812 3228 qua
829 3144 955 3209 ratione
975 3143 1030 3230 agi
1047 3144 1114 3227 pla·

107 3235 189 3315 ceat,
212 3232 422 3296 constituunt.

195 3318 377 3385 XXXVIII.
400 3319 582 3384 Litaviccus
605 3323 736 3404 accepto
759 3320 909 3404 exercitu,
932 3341 1004 3385 cum
1024 3319 1116 3384 milia
1136 3336 1147 3382 1

107 3429 262 3491 passuum
286 3408 413 3476 circiter
426 3426 499 3473 xxx
519 3407 560 3472 ab
584 3406 747 3494 Gergovia
770 3407 907 3490 abesset,
929 3408 1115 3473 convocatis

107 3497 217 3562 subito
242 3496 401 3562 militibus
429 3496 714 3580 lacrimans,an
736 3497 974 3580 proficiscimur,
1000 3496 1151 3580 iuquit,a

1074 503 1147 569 edo
1242 545 1245 549 -
