2718 4124
363 913 401 988 0.
430 913 657 988 SALLUSTI
685 915 837 990 ORISPI

295 1079 537 1164 BELLUM
570 1077 900 1166 ululnlunn.

155 1247 274 1314 Omnis
297 1247 455 1332 homines,
478 1249 534 1332 qni
557 1270 628 1313 sese
647 1249 780 1314 student
797 1255 964 1334 praestare
984 1253 1100 1317 ueteris
1121 1254 1137 1319 1

92 1337 301 1420 animalibus,
328 1357 456 1401 summa
483 1359 544 1420 ope
566 1337 628 1401 niti
652 1337 753 1422 decet,
779 1360 820 1403 ne
843 1341 945 1404 vitam
969 1341 1100 1406 silentio

94 1429 262 1492 nauseant
277 1425 378 1490 veluti
391 1446 519 1510 peoora,
538 1447 620 1509 qnae
634 1429 753 1490 natura
765 1449 869 1510 prona
883 1433 981 1513 atque
995 1430 1101 1494 ventri

93 1514 298 1581 oboedientia
319 1513 422 1578 finxit
468 1514 524 1578 sed
545 1518 660 1578 nostra
683 1514 789 1579 omnis
812 1517 860 1580 ris
884 1518 919 1581 in
940 1517 1049 1583 animo
1068 1522 1136 1586 eta

91 1624 226 1689 oorpora
249 1602 314 1667 sita
337 1606 400 1687 est,
423 1602 524 1668 animi
546 1603 693 1687 imperio,
716 1605 861 1688 eorporis
881 1606 1016 1671 servitio
1036 1628 1101 1671 ma·

91 1693 141 1778 gis
164 1691 303 1775 utimur,
325 1691 465 1756 alterum
487 1691 583 1756 uobis
607 1713 681 1756 unm
701 1691 767 1776 dir,
791 1693 930 1758 alterum
953 1716 1027 1760 oum
1049 1696 1102 1760 be·

91 1781 154 1846 luis
185 1801 356 1846 commune
383 1784 443 1844 est.
493 1801 557 1864 quo
585 1779 666 1843 mihi
693 1781 813 1846 rectius
840 1782 968 1847 videtur
991 1783 1136 1869 ingenia

92 1891 190 1954 quam
222 1867 340 1932 virium
372 1869 488 1952 opibus
519 1868 659 1954 gloriam
687 1890 840 1952 quaerero
868 1874 915 1955 et,
948 1871 1102 1955 quoniam

93 1959 160 2022 rita
187 1957 261 2042 ipsa
287 1977 352 2041 qua
379 1955 518 2022 fruimur
545 1956 653 2021 brevis
682 1961 746 2042 est,
778 1959 969 2025 memoriam
995 1961 1102 2027 nostri

92 2068 191 2132 quam
222 2067 371 2111 maxume
398 2045 530 2132 longam
558 2044 694 2110 efficere.
744 2069 822 2112 nam
849 2048 1038 2116 divitiarum
1068 2053 1137 2118 ata

91 2136 216 2201 formae
248 2133 355 2220 gloria
386 2134 473 2200 fluxa
500 2138 598 2218 atque
625 2133 757 2220 fragilia
787 2140 852 2222 est,
883 2137 986 2203 virtus
1015 2139 1103 2204 alara

92 2228 289 2307 aeternaque
311 2222 459 2288 habetur.

159 2309 223 2377 Sed
242 2310 297 2376 din
316 2331 470 2397 magnum
487 2311 574 2376 inter
592 2313 741 2376 mortalis
761 2316 925 2378 certamen
937 2313 1010 2400 fnit,
1029 2316 1137 2386 vines

93 2399 239 2485 corporis
266 2421 308 2465 an
335 2400 455 2465 virtuto
484 2400 584 2466 animi
610 2422 662 2466 ras
688 2401 841 2466 militaris
865 2403 970 2489 magis
993 2425 1102 2488 prooe

92 2490 193 2555 deret.
241 2509 317 2553 narn
345 2492 379 2554 et
405 2489 495 2572 prius
524 2510 622 2572 quam
648 2490 785 2574 incipias
814 2491 963 2556 consulto
989 2496 1023 2557 at
1045 2493 1136 2564 ubis

94 2577 293 2644 consulueris
317 2580 442 2642 mature
465 2577 553 2648 facto
578 2599 659 2662 opus
682 2583 741 2643 est.
786 2580 835 2644 ita
853 2583 1026 2664 utrumque
1044 2603 1136 2666 perr

94 2690 128 2732 se
146 2665 296 2752 indigens
315 2665 455 2730 altarum
473 2666 607 2730 alterius
627 2667 747 2732 auxilio
767 2672 850 2754 eget.
885 2668 987 2756 igitur
1005 2669 1101 2735 initio
1120 2675 1141 2740 2

95 2776 186 2841 roges
214 2753 305 2840 (nam
331 2753 367 2818 in
392 2755 490 2819 terris
517 2776 635 2820 nornen
662 2756 778 2840 impari
803 2756 837 2820 id
859 2757 1001 2840 primum
1024 2756 1101 2845 fuit)

94 2843 215 2909 divorsi
242 2864 317 2926 pars
340 2843 521 2928 ingenium,
549 2843 605 2908 alii
628 2866 745 2928 eorpus
768 2846 974 2910 exercebant:
1002 2847 1102 2912 etiam

94 2937 163 2998 tum
196 2931 264 2996 vita
295 2931 465 2996 hominum
497 2931 566 2997 sine
598 2933 776 3018 cupiditate
809 2933 1011 3020 agitabatur3
1043 2957 1102 3001 sna

95 3021 209 3104 eoique
242 3019 322 3084 satis
354 3019 536 3104 placebant.
586 3026 701 3106 postea
727 3043 804 3087 uero
832 3044 930 3106 quam
959 3023 994 3087 in
1021 3022 1137 3092 Asiae

95 3106 207 3194 (tyrus,
225 3107 260 3173 in
276 3105 411 3174 Graecia
424 3107 671 3175 Lacedaemonii
690 3114 723 3174 et
737 3108 953 3178 Athenienses
968 3133 1101 3196 coepere

95 3197 183 3263 urbis
212 3199 310 3282 atque
338 3197 487 3264 nationes
515 3199 679 3285 subigere,
705 3199 884 3264 lubidinem
916 3200 1102 3266 dominandi

96 3307 225 3352 oausam
252 3285 331 3350 balli
357 3285 490 3371 habere,
518 3309 703 3352 maxumam
731 3287 870 3374 gloriam
892 3289 927 3353 in
950 3311 1101 3354 maxumo

95 3375 230 3460 imperio
257 3378 387 3459 putare,
414 3378 485 3440 turn
511 3375 641 3442 demum
667 3376 810 3460 periculo
839 3380 936 3460 atqua
959 3377 1101 3463 negotiis

95 3466 285 3548 conpertum
317 3465 368 3528 est
399 3463 434 3527 in
465 3464 551 3530 bello
583 3465 770 3549 plurumum
802 3466 969 3550 ingenium
997 3488 1101 3550 possa.

95 3551 181 3634 quod
212 3551 239 3617 si
272 3571 386 3636 rogum
415 3555 512 3636 atque
542 3553 775 3638 imperatorum
804 3554 902 3618 animi
931 3553 1034 3619 virtus
1068 3556 1135 3619 ina

148 3661 308 3705 Sanora-rsus.
928 3663 942 3708 1
