2754 4124
275 180 337 242 118
644 178 753 234 BELLI
770 177 914 234 GALLICI

274 322 456 406 legionibus
480 323 638 408 expeditis
658 323 798 408 quinque
817 323 851 388 in
869 322 1039 408 Menapios
1057 324 1282 409 proficiscitur.

239 411 328 474 rllli
356 411 448 476 nulla
474 413 586 476 coacta
614 433 711 476 manu
738 411 802 477 loci
829 411 990 498 praesidio
1016 411 1094 476 freti
1120 412 1155 476 in
1183 413 1283 478 silvas

273 498 471 583 paludesque
494 498 686 584 confugiunt
709 521 830 584 suaque
853 500 966 565 eodem
990 499 1167 565 conferunt.

240 601 253 648 1
361 585 417 652 VL
453 585 574 652 Caesar
589 587 721 672 partitis
740 587 841 672 copiis
860 609 933 653 cum
952 585 1032 654 Gaio
1051 586 1153 653 Fabio
1172 589 1282 675 legato

274 676 306 738 et
329 673 439 739 Marco
463 672 580 739 Crasso
606 678 778 759 quaestore
801 675 1011 761 celeriterque
1034 676 1156 740 effectis
1178 678 1283 761 ponti·

273 762 333 826 bus
358 761 426 825 adit
448 761 624 847 tripertito,
647 763 792 828 aedificia
813 763 965 847 vicosque
984 763 1135 848 incendit,
1160 786 1282 850 magno

238 865 254 912 a
273 849 399 933 pecoris
418 853 516 933 atque
533 849 703 914 hominum
720 872 855 916 numero
873 851 1006 936 potitur.
1044 849 1167 927 Quibus
1185 853 1283 918 rebus

273 937 376 1002 coacti
398 937 540 1020 Menapii
567 938 694 1023 legatos
722 939 763 1002 ad
790 960 864 1003 cum
891 937 980 1024 pacis
1004 939 1162 1022 petendae
1185 962 1283 1006 causa

238 1040 253 1088 ³
274 1024 418 1089 mittunt.
454 1024 515 1108 Ille
534 1025 701 1091 obsidibus
721 1027 861 1112 acceptis
879 1026 1021 1092 hostium
1041 1049 1075 1092 se
1093 1027 1282 1094 habiturum

229 1120 231 1127 '
272 1134 406 1178 numero
425 1113 604 1196 confirmat,
624 1115 652 1178 si
671 1118 728 1180 aut
746 1114 971 1198 Ambiorigem
990 1118 1047 1179 aut
1065 1115 1133 1180 eius
1152 1115 1281 1269 leqatos

236 1200 390 1264 rfinibus
418 1201 484 1265 suis
511 1201 717 1286 recepissent.
763 1202 823 1267 His
847 1202 1044 1268 confirmatis
1067 1204 1164 1268 rebus
1215 1227 1281 1270 om-

272 1288 373 1352 mium
392 1289 582 1354 Atrebatem
605 1311 678 1355 cum
702 1289 849 1374 equitatu
869 1290 1011 1355 custodis
1030 1290 1102 1356 loco
1120 1293 1155 1356 in
1173 1291 1281 1357 Mena-

271 1375 334 1460 piis
357 1375 522 1462 relinquit,
544 1378 614 1460 ipse
638 1377 672 1441 in
695 1377 854 1442 Treveros
876 1377 1099 1462 proficiscitur.

238 1479 252 1526 1
361 1463 434 1531 VII.
479 1465 565 1529 Dum
584 1464 664 1530 haec
682 1488 702 1530 a
720 1463 858 1530 Caesare
877 1471 1041 1550 geruntur,
1064 1466 1196 1532 Treveri
1214 1490 1282 1534 ma·

272 1551 345 1636 gnis
379 1553 499 1618 coactis
531 1553 695 1637 peditatus
720 1553 945 1638 equitatusque
973 1553 1074 1638 copiis
1101 1553 1281 1621 Labienum

271 1661 343 1704 curu
371 1662 436 1705 uua
464 1640 604 1726 legione,
632 1663 714 1724 quae
737 1641 906 1706 incorum
929 1641 1048 1706 finibus
1070 1641 1281 1725 hiemaverat,

236 1742 252 1790 a
272 1727 391 1802 adoriri
414 1729 586 1813 parabant3
609 1729 737 1812 iamque
760 1729 802 1794 ab
825 1751 863 1794 eo
886 1751 952 1794 non
970 1729 1099 1814 longius
1118 1730 1208 1795 bidui
1226 1733 1281 1797 via

271 1816 419 1900 aberant,
451 1838 523 1880 cum
555 1816 634 1880 duas
666 1815 792 1881 venisse
824 1817 969 1902 legiones
1001 1817 1102 1883 missu
1130 1815 1280 1884 Caesaris

172 1904 174 1908 ’
236 1907 479 1989 aoognoscunt.
524 1903 645 1968 Positis
673 1904 833 1969 castriso
856 1905 988 1968 milibus
1011 1927 1166 1989 passuum
1189 1907 1281 1991 quin·
1358 1955 1359 1978 1

271 1991 373 2056 decim
415 1991 535 2056 auxilia
575 1989 810 2057 Germanorum
845 1997 1032 2077 exspectare
1067 1993 1281 2061 constituunt.
1358 2015 1359 2028 ¹

235 2094 252 2142 4
269 2078 430 2144 Labienus
449 2079 593 2143 hostium
612 2080 743 2166 cognito
763 2080 908 2160 consilio,
931 2102 1075 2164 sperans,
1093 2081 1280 2148 temeritate
1358 2143 1359 2146 ,

270 2189 381 2231 eorum
412 2167 482 2231 fore
512 2167 656 2251 aliquam
683 2167 866 2232 dimicandi
884 2168 1083 2252 facultatem,
1116 2171 1280 2254 praesidio

270 2255 409 2338 quinque
433 2255 615 2320 cohortium
637 2255 877 2340 impedimentis
901 2255 1013 2321 relicto
1037 2279 1109 2320 curn
1132 2275 1204 2322 xxv
1227 2281 1279 2324 co·

269 2343 417 2408 hortibus
434 2364 617 2428 magnoque
632 2344 780 2428 equitatu
793 2347 907 2412 contra
920 2343 1048 2408 hostem
1062 2344 1280 2428 proficiscitur

270 2434 303 2494 et
330 2430 419 2494 mille
444 2453 598 2514 passuum
620 2430 806 2496 intermisso
830 2431 938 2515 spatio
962 2434 1069 2496 castra
1091 2435 1280 2500 communit.

235 2518 352 2583 sErat
381 2518 467 2582 iuter
494 2518 673 2583 Labienum
705 2523 802 2603 atque
829 2518 957 2583 hostem
985 2518 1109 2584 difficili
1135 2521 1280 2587 transitu

267 2606 387 2669 flumen
414 2605 557 2691 ripisque
584 2606 777 2691 praeruptis.
823 2605 895 2672 Hoc
916 2628 1021 2690 neque
1043 2607 1113 2691 ipse
1136 2609 1279 2674 transire

268 2694 412 2758 habebat
430 2694 464 2757 in
483 2694 591 2758 animo
609 2716 711 2779 neque
725 2695 836 2759 hostes
850 2694 1044 2759 transituros
1059 2695 1279 2768 existimabat.

234 2798 249 2844 a
268 2780 460 2866 Augebatur
483 2781 677 2846 auxiliorum
700 2781 817 2847 cotidie
841 2804 922 2867 spes.
965 2781 1124 2866 Loquitur
1146 2784 1181 2848 in
1204 2807 1279 2850 con-

269 2869 342 2933 silio
361 2870 480 2953 palam,
499 2869 652 2953 quoniam
671 2867 825 2935 Germani
843 2870 1102 2955 appropinquare
1119 2871 1278 2957 dicantur,

268 2978 337 3020 sese
357 2978 431 3021 suas
451 2957 671 3041 exercitusque
689 2957 837 3022 fortunas
855 2959 891 3022 in
910 2957 1041 3022 dubium
1059 2980 1125 3023 non
1144 2959 1278 3026 devoca-

267 3047 377 3108 turum
414 3048 447 3109 et
477 3048 610 3129 postero
643 3044 694 3109 die
725 3045 831 3130 prima
862 3045 933 3111 luce
964 3049 1072 3111 castra
1102 3051 1277 3113 moturum.

233 3148 247 3196 7
268 3131 422 3197 Celeriter
442 3132 523 3198 haec
542 3133 582 3196 ad
599 3133 711 3198 hostes
731 3132 926 3217 deferuntur,
949 3138 985 3198 ut
1003 3155 1042 3198 ex
1060 3156 1178 3219 magno
1198 3135 1278 3200 Cal-

267 3221 374 3284 lorum
406 3220 551 3303 equitum
579 3242 713 3285 numero
740 3243 805 3285 non
832 3221 940 3286 nullos
968 3219 1109 3304 [Gallos]
1139 3221 1277 3290 Gallicis

232 3309 363 3372 erebus
386 3308 494 3374 favere
517 3312 635 3373 natura
653 3309 800 3393 cogebat.
835 3308 995 3373 Labienus
1017 3313 1116 3374 noctu
1133 3311 1276 3378 tribunis

267 3396 406 3460 militum
434 3396 611 3480 primisque
639 3396 805 3462 ordinibus
831 3396 1030 3480 convocatis,
1057 3397 1133 3481 quid
1156 3399 1207 3463 sui
1230 3400 1276 3464 sit

266 3483 401 3568 consilii,
425 3484 578 3570 proponit
600 3487 641 3568 et,
665 3506 728 3568 quo
750 3484 878 3550 facilius
901 3483 1049 3549 hostibus
1072 3485 1199 3550 timoris
1219 3486 1276 3552 det
