2758 4114
240 207 284 270 24
416 284 421 294 Ι
612 208 720 263 uuum
739 205 883 262 GALLIOE

239 350 345 416 hostis
378 352 556 436 periculum
588 356 719 436 patrum
750 355 937 416 nostrorum
969 353 1142 437 memoria,
1174 374 1247 418 cum

240 437 380 504 Cimbris
399 445 432 504 et
451 440 607 505 Teutonis
626 462 645 504 e
664 439 746 504 Gaio
760 439 863 504 Mario
882 439 986 524 pulsis
1004 461 1070 504 non
1088 439 1247 504 minorem

239 526 368 592 laudem
398 529 556 593 exercitus
585 549 681 612 quam
710 528 779 612 ipse
802 527 979 609 imperator
1002 527 1136 592 meritus
1158 527 1247 592 ride-

239 615 350 698 batur3
378 613 501 681 fuctum
529 615 628 680 etiam
655 637 758 700 nuper
786 614 821 679 in
843 614 941 678 Italia
963 614 1074 679 servili
1096 616 1247 699 tumultu,

239 724 319 787 quos
349 705 461 767 tamen
487 703 609 787 aliquid
637 725 714 768 usus
743 725 780 769 ac
802 702 981 787 disciplina,
1004 724 1085 787 quae
1108 703 1245 768 anobis

204 804 220 852 o
240 790 449 874 accepissent,
467 791 683 856 sublevarent.
719 789 768 857 Ει
787 812 850 876 quo
873 789 1008 856 iudicari
1025 811 1131 875 posse,
1149 813 1246 875 quan·

239 882 310 942 tum
337 878 473 943 haberet
499 879 534 943 in
561 901 595 944 se
623 879 701 944 boni
727 877 923 962 constantia,
956 883 1128 962 propterea
1151 879 1247 964 quod,

240 987 321 1050 quos
349 966 548 1050 aliquamdiu
577 967 719 1032 inermos
747 966 816 1031 sine
843 987 941 1031 causa
963 965 1163 1051 timuissent,
1185 967 1248 1032 hos

204 1058 354 1139 rpostea
377 1061 521 1120 armatos
545 1077 583 1120 ac
605 1055 744 1120 victores
768 1057 984 1139 superassent.
1020 1053 1167 1138 Denique
1184 1055 1246 1120 hos

240 1163 310 1206 ease
337 1143 481 1226 eosdem,
509 1144 701 1226 quibuscum
731 1163 826 1227 saepe
848 1163 983 1206 numero
1005 1140 1150 1206 Helvetii
1172 1164 1246 1208 con·

240 1229 343 1314 gressi
365 1252 431 1296 non
454 1232 558 1296 solum
576 1231 611 1294 in
628 1231 705 1314 suis,
728 1230 784 1294 sed
802 1230 901 1294 etiam
919 1229 954 1294 ιιι
971 1229 1104 1294 illorum
1126 1229 1246 1296 finibus

238 1318 428 1420 plerumque
461 1318 657 1403 superarint,
689 1317 744 1402 qui
776 1322 886 1382 tamen
916 1339 1012 1402 pares
1040 1338 1110 1382 esse
1131 1321 1246 1384 nostro

204 1416 220 1464 8
240 1405 394 1471 exercitur
415 1428 482 1471 non
504 1428 546 1491 po
548 1406 678 1470 tuerint.
729 1403 763 1470 Si
787 1427 867 1489 quos
891 1403 1060 1469 adversum
1086 1406 1246 1490 proelium

239 1497 274 1558 et
303 1492 383 1580 fuga
415 1493 584 1558 Gallorum
616 1497 846 1576 commoveret,
879 1493 953 1576 hos,
985 1492 1014 1556 si
1046 1499 1245 1594 quaererent,

239 1582 381 1666 reperire
412 1603 527 1667 posse,
564 1581 776 1646 diuturnitate
743 1543 889 1645 tbdlli
920 1579 1088 1665 defetigat
1079 1603 1107 1646 rs
1139 1580 1246 1646 Gallis

239 1668 386 1734 Ariovist
372 1673 451 1752 t,um
465 1692 538 1734 cum
556 1670 678 1735 multos
697 1690 824 1734 menses
843 1667 957 1734 ιιιιιιι
973 1689 1007 1732 se
1022 1690 1059 1733 ac
1072 1669 1244 1753 paludibus

238 1756 397 1822 tenuisset
428 1779 531 1843 neque
563 1757 613 1822 sui
644 1761 841 1842 potestatem
866 1755 1006 1839 fecisset,
1037 1755 1245 1860 desperantes

238 1845 304 1909 iam
336 1843 375 1908 de
406 1866 517 1931 pugna
553 1849 586 1910 et
618 1845 779 1930 dispersos
810 1845 919 1909 subito
951 1843 1100 1909 adortum
1138 1846 1245 1932 magis

203 1943 218 1991 9
238 1931 364 1997 ratione
387 1936 421 1996 et
443 1931 579 1998 consilio
601 1955 698 2017 quam
726 1932 847 1997 virtute
869 1931 993 1998 vicisse.
1043 1929 1104 1996 Oui
1125 1933 1245 1998 rationi
1366 1975 1367 1978 =

238 2023 352 2085 contra
370 2019 517 2085 homines
536 2021 693 2086 barbaros
712 2019 837 2106 atque
828 2019 959 2105 imperit
961 2041 997 2084 os
945 2019 1106 2085 tlocus
1120 2019 1245 2105 fuisset,

237 2107 299 2173 hac
325 2128 366 2171 ne
393 2109 501 2192 ipsum
528 2109 657 2192 quidem
685 2129 815 2193 sperare
836 2112 968 2174 nostros
991 2109 1111 2173 exercit
1112 2129 1149 2173 us
1172 2109 1245 2195 capi

188 2205 219 2254 ιο
238 2217 344 2280 posse.
393 2195 455 2272 Qui
482 2217 575 2260 suum
599 2196 748 2261 timorem
770 2197 805 2261 in
826 2196 874 2261 rei
895 2195 1126 2261 frumentariae
1149 2197 1245 2262 simn-

122 2344 124 2347 ,
238 2283 393 2348 lationem
417 2284 697 2369 angustiasquet
670 2283 796 2349 itineris
815 2284 1007 2367 conferrent,
984 2282 1135 2348 tfaoere
1159 2306 1244 2351 arro
1365 2269 1366 2321 l

238 2375 368 2456 gauter,
394 2394 467 2437 oum
497 2376 554 2436 ιιιι
577 2372 615 2437 de
638 2371 744 2438 officio
767 2371 972 2456 imperatoris
995 2335 1165 2456 desperare
1187 2377 1246 2438 aut

186 2468 218 2516 11
238 2461 458 2542 praescribere
475 2459 669 2527 riderentur.
701 2459 791 2525 Haec
810 2459 873 2524 sibi
891 2481 961 2525 esse
979 2481 1089 2544 curae3
1105 2459 1244 2562 frumen-
1364 2497 1365 2520 l

238 2550 308 2610 tum
331 2539 506 2632 Sequenda,
527 2547 660 2632 Leucoe,
686 2547 850 2633 Lingones
878 2547 1139 2632 subministrare,
1166 2547 1244 2613 iam·

239 2655 300 2717 que
328 2655 398 2700 ease
419 2634 455 2698 in
477 2636 565 2721 agris
587 2599 751 2702 frurirenta
778 2639 920 2719 matura3
947 2635 985 2699 de
1012 2634 1164 2700 itinere
1153 2658 1243 2720 ipsos
1363 2703 1364 2718 ,

187 2730 217 2778 12
238 2721 329 2786 brevi
355 2726 501 2806 tempore
528 2723 648 2789 iudicat
634 2728 734 2790 turos
783 2722 875 2798 Quod
901 2745 967 2788 non
988 2722 1058 2787 fore
1081 2723 1166 2788 dicto
1189 2745 1243 2788 ιι·

238 2809 327 2874 dient
312 2813 362 2874 tes
393 2831 496 2895 neque
528 2812 622 2896 signa
654 2811 753 2877 laturi
785 2811 894 2876 dicant
879 2814 946 2895 tur,
971 2810 1054 2876 nihil
1082 2832 1115 2876 se
1143 2832 1181 2874 ea
1207 2832 1243 2875 re

237 2898 444 2962 commoveri.
467 2897 549 2963 scire
572 2899 672 2978 enim,
701 2900 952 2984 quibuscumque
976 2897 1094 2964 exercit
1095 2919 1133 2962 us
1156 2897 1242 2964 dicto

237 2985 371 3050 audiens
383 3007 450 3050 non
463 2985 571 3071 fuerit,
588 2991 645 3052 aut
663 2949 748 3053 inale
765 3009 803 3052 re
819 2991 912 3089 gesta
925 2987 991 3052 fort
993 3007 1089 3051 unam
1103 2984 1244 3052 defuisse

237 3075 295 3138 aut
313 3073 423 3158 aliquo
440 3036 584 3140 facinoie
598 3079 764 3160 comperto
778 3075 949 3140 avaritiam
963 3096 1033 3140 esse
1048 3073 1244 3161 convictam,

237 3182 329 3226 snam
339 3161 555 3227 innocentiam
565 3168 722 3248 perpetua
731 3163 808 3244 vita,
817 3162 1003 3228 felicitatem
1018 3127 1244 3228 Heluetioruni

185 3256 217 3304 ¹³
237 3248 324 3313 bello
348 3270 418 3314 esse
441 3256 652 3335 perspectam.
691 3251 806 3336 ltaque
830 3271 873 3330 se,
897 3249 1014 3334 quod
1005 3271 1038 3314 ιιι
1061 3250 1243 3334 longiorem

239 3335 323 3401 diem
346 3337 524 3402 collaturus
547 3300 1017 3424 brisset,repraese1itaturum
1040 3342 1074 3404 et
1096 3338 1245 3422 proxima

235 3427 331 3489 nocte
367 3424 406 3489 de
439 3429 555 3508 quarta
586 3389 699 3512 vigilia
731 3431 838 3492 castra
870 3431 1048 3508 moturum,
1079 3431 1116 3491 ut
1146 3447 1242 3511 quam

235 3512 376 3598 primum
390 3511 578 3599 intellegere
591 3519 711 3600 posset,
727 3519 836 3580 utrum
856 3512 941 3598 apud
959 3533 1015 3578 eos
1028 3513 1242 3599 puderetque
