2754 4124
268 223 331 288 166
634 221 742 278 BELLI
759 222 905 278 GALLIOI

265 367 511 451 amplitudinem
539 367 736 451 deduxisset,
763 371 801 432 ut
824 388 892 432 non
915 367 1020 432 solum
1042 368 1077 432 in
1099 367 1277 452 pristinum

265 460 388 522 statum
415 455 588 536 redissent,
615 455 671 520 sed
699 456 842 521 omnium
869 459 1054 541 temporum
1082 455 1278 542 dignitatem

265 549 299 610 et
316 543 456 630 gratiam
475 543 686 609 antecessisse
704 543 899 608 viderentur.
937 542 998 608 His
1013 543 1098 609 datis
1112 543 1277 609 mandatis

265 655 320 699 eos
344 632 385 696 ab
409 653 443 697 sa
467 632 597 697 dimisit.

232 738 245 785 1
352 719 419 785 LV.
467 719 694 785 Noviodunum
728 723 799 784 erat
830 719 986 806 oppidum
1015 719 1201 785 Aeduorum
1234 721 1278 785 ad

228 825 246 872 2
265 810 353 895 ripas
372 807 498 893 Ligeris
518 811 679 893 oportuno
698 807 770 872 loco
789 807 940 892 positum.
979 806 1051 874 Huc
1071 806 1191 873 Caesar
1209 830 1278 874 om·

263 919 322 962 nes
349 896 478 962 obsides
502 895 644 978 Galliae,
671 895 883 980 frumentum,
908 896 1079 982 pecuniam
1101 896 1278 981 publicam,

264 1007 398 1052 suorum
418 989 515 1070 atque
534 983 693 1049 exercitus
711 983 1015 1067 impedimentorum
1034 1005 1185 1070 magnam
1201 1007 1278 1070 par·

231 1091 247 1139 3
266 1079 334 1140 tem
352 1073 550 1156 contuierat3
567 1071 631 1137 huc
649 1092 805 1158 magnum
822 1093 991 1137 numerum
1010 1094 1165 1158 equorum
1178 1073 1277 1138 huius

266 1161 344 1228 belii
362 1183 460 1226 causa
478 1161 512 1224 in
530 1160 628 1224 Italia
646 1164 743 1244 atque
757 1159 917 1244 Hispania
933 1165 1117 1246 co'e‘mptum
1132 1162 1276 1226 miserat.

153 1253 155 1258 ’
231 1252 315 1316 4Εο
343 1271 415 1316 cum
443 1248 644 1333 Eporedorix
669 1246 958 1332 Viridomarusque
985 1249 1149 1314 venissent
1176 1256 1210 1314 et
1237 1250 1277 1315 de

268 1342 355 1404 statu
387 1337 528 1403 civitatis
561 1335 803 1422 cognovissent,
834 1335 1034 1402 Litaviccum
1060 1335 1206 1402 Bibracti
1234 1339 1277 1402 ab

267 1425 388 1492 Aeduis
406 1429 581 1510 receptum,
600 1424 685 1509 quod
703 1427 754 1488 est
771 1423 926 1508 oppidum
945 1425 1031 1510 apud
1045 1447 1099 1490 eos
1114 1425 1278 1491 maximae

268 1514 481 1597 auctoritatis,
503 1511 790 1578 Convictolitavim
808 1512 1038 1596 magistratum
1058 1535 1277 1600 magnamque

267 1606 393 1690 partem
413 1605 545 1667 senatus
565 1601 605 1665 ad
624 1623 697 1664 eum
716 1601 916 1684 convenisse,
939 1601 1065 1685 legatos
1085 1601 1126 1666 ad
1144 1601 1278 1668 Vercin-

268 1691 448 1778 getorigem
485 1690 524 1754 de
560 1710 638 1772 pace
675 1692 708 1753 et
740 1687 884 1754 amicitia
916 1689 1116 1755 concilianda
1147 1691 1278 1775 publice

269 1781 395 1862 missos,
409 1799 475 1843 non
484 1776 806 1861 praetermittendum
816 1781 946 1841 tantum
955 1778 1158 1843 commodum
1170 1778 1278 1843 existi·

233 1864 445 1934 amaverunt.
498 1865 613 1948 Itaque
646 1863 826 1930 interiectis
858 1863 1043 1931 Novioduni
1079 1867 1278 1951 custodibus,

269 1957 387 2042 quique
410 1976 448 2020 eo
471 1953 658 2038 negotiandi
677 1975 775 2018 causa
793 1959 1018 2038 convenerant,
1040 1955 1209 2038 pecuniam
1228 1959 1278 2020 at·

86 2034 90 2042 ¹
119 2085 120 2088 κ
234 2063 330 2130 eque
355 2064 454 2127 equos
477 2042 562 2106 inter
585 2063 619 2107 se
642 2040 756 2124 partiti
779 2045 864 2124 sunt,
888 2041 1016 2106 obsides
1035 2042 1204 2108 civitatum
1223 2041 1278 2108 Bi-

235 2151 249 2198 v
270 2134 380 2198 bracte
395 2131 435 2196 ad
448 2130 676 2216 magistratum
687 2129 886 2194 deducendos
896 2135 1098 2214 curaverunt,
1112 2132 1278 2216 oppidum,

270 2220 356 2306 quod
383 2242 402 2284 a
430 2240 464 2283 sa
491 2217 594 2282 teneri
620 2239 686 2282 non
708 2238 804 2300 posse
827 2217 1025 2302 iudicabant,
1052 2219 1167 2284 necui
1191 2225 1279 2284 esset

234 2325 250 2374 8
269 2309 342 2374 urai
359 2305 523 2385 Romanis,
542 2305 762 2389 incenderunt,
780 2303 934 2370 frumenti
952 2308 1037 2390 quod
1056 2308 1165 2372 subito
1184 2313 1278 2392 potu·

270 2391 377 2479 erunt,
401 2394 538 2459 navibus
562 2397 749 2476 avexerunt,
773 2393 933 2476 reliquum
955 2395 1087 2460 flumine
1110 2399 1208 2480 atque
1230 2397 1278 2461 in·

234 2503 250 2550 9
271 2485 381 2550 cendio
401 2486 620 2566 corruperunt.
656 2481 725 2566 Ipsi
744 2503 782 2545 ex
800 2481 947 2546 finitimis
963 2483 1151 2568 regionibus
1166 2485 1277 2570 copias

269 2594 397 2658 cogere,
429 2569 591 2654 praesidia
622 2569 848 2653 custodiasque
876 2569 917 2634 ad
944 2570 1032 2655 ripas
1059 2571 1185 2655 Ligeris
1213 2573 1278 2638 dis·

269 2681 387 2746 ponere
419 2658 662 2743 equitatumque
694 2658 844 2722 omnibus
872 2657 952 2723 locis
976 2659 1125 2724 iniciendi
1148 2660 1278 2726 timoris

270 2769 367 2814 causa
385 2751 548 2812 ostentare
566 2750 749 2832 coeperunt,
772 2745 800 2810 si
819 2745 860 2810 ab
879 2768 912 2810 re
930 2745 1141 2812 frumentaria
1159 2747 1279 2814 Roma-

269 2858 329 2903 nos
358 2835 524 2901 excludere
553 2839 610 2900 aut
637 2834 792 2899 adductos
814 2833 924 2919 inopia
946 2835 981 2898 in
1003 2835 1206 2919 provinciam·
1226 2859 1279 2901 ex-

219 2942 250 2988 10
269 2925 390 3012 pellere
408 2927 549 3009 possent.
586 2922 690 2998 Quam
710 2921 750 2986 ad
765 2943 854 3007 spem
869 2921 1008 2986 multum
1022 2945 1077 2988 eos
1092 2923 1278 3008 adiuvabat,

270 3013 354 3098 quod
377 3012 473 3098 Liger
496 3033 534 3076 ex
557 3010 684 3075 nivibus
708 3016 865 3094 creverat,
893 3013 930 3075 ut
953 3011 1083 3076 omnino
1106 3013 1188 3078 vado
1211 3035 1277 3078 non

271 3123 366 3188 posse
389 3099 522 3164 transiri
545 3098 717 3164 videretur.

236 3209 248 3254 1
357 3185 440 3253 LVI.
482 3187 605 3264 Quibus
628 3187 724 3252 rebus
748 3188 887 3273 cognitis
906 3185 1027 3253 Caesar
1048 3188 1278 3254 maturandum

271 3278 333 3344 sibi
360 3277 498 3361 censuit,
526 3276 554 3341 si
582 3279 668 3340 esset
693 3275 726 3339 in
755 3276 955 3360 perficiendis
977 3277 1131 3361 pontibus
1156 3279 1279 3361 pericli-

270 3366 415 3446 tandum,
437 3369 475 3429 ut
496 3363 595 3450 prius,
619 3385 715 3447 quam
739 3368 847 3428 essent
864 3363 1002 3428 maiores
1021 3386 1059 3430 eo
1078 3371 1208 3431 coactae
1227 3389 1279 3433 co·

235 3455 357 3539 apiae,
384 3452 559 3518 dimicaret.
605 3449 691 3515 Nam
714 3473 754 3516 ne
777 3457 974 3516 commutato
998 3453 1132 3518 consilio
1158 3453 1221 3519 iter
1243 3455 1279 3520 in

270 3541 468 3628 provinciam
493 3542 703 3622 converteret,
728 3543 764 3604 ut
786 3560 880 3603 nemo
903 3559 965 3604 aon
987 3544 1057 3604 tum
1076 3541 1205 3625 quidam
1224 3564 1277 3609 na-
