2706 4122
374 261 423 316 EX
442 259 621 316 HISTORIIS
640 260 696 315 OB.
714 257 838 314 MAGRI.
1054 258 1118 323 133

111 405 217 470 animo
242 405 455 491 pergentibus
473 405 589 491 possit,
612 427 694 490 quos
713 406 885 494 languidos
905 404 1118 488 socordesque

108 493 328 578 pertimuere?
371 494 436 559 nisi
463 493 549 559 forte
577 491 612 560 O.
635 492 746 579 Cotta,
779 517 818 560 ex
844 493 985 560 factione
1013 493 1120 557 media

110 583 231 667 consul,
251 582 346 647 aliter
365 603 463 667 quam
481 586 571 647 metu
589 583 661 647 iura
680 584 837 666 quaedam
855 582 995 648 tribunis
1013 581 1119 666 plebis

108 671 265 736 restituit.
310 675 353 756 et,
376 692 573 755 quamquam
596 670 632 736 L.
657 668 796 736 Sicinius
820 671 944 756 primus
968 671 1006 736 de
1029 673 1120 754 pote-

109 764 195 824 state
212 759 389 824 tribunicia
406 759 497 843 loqui
516 780 614 824 ausus
633 761 855 825 mussantibus
874 759 967 825 vobis
986 759 1119 824 circum-

108 853 226 914 ventus
250 851 330 932 erat,
352 851 464 913 tamen
485 848 576 932 prius
600 847 650 912 illi
672 848 827 914 invidiam
845 852 999 933 metuere,
1022 868 1119 931 quam

108 959 165 1002 vos
199 935 337 1001 iniuriae
365 939 551 1020 pertaesum
579 940 638 1002 est.
684 938 770 1021 quod
797 958 859 1024 ego
885 958 1010 1021 nequeo
1039 935 1119 1000 satis

107 1025 232 1109 mirari,
256 1023 415 1110 Quirites3
438 1046 515 1089 nam
534 1046 625 1109 spem
642 1023 765 1090 frustra
783 1025 884 1091 fuisse
902 1024 1119 1090 intellexistis.

108 1113 203 1180 Sulla
216 1117 357 1197 mortuo,
371 1112 426 1197 qui
442 1113 615 1178 scelestum
628 1113 818 1198 inposuerat
831 1115 1009 1198 servitium,
1022 1113 1121 1177 finem
1138 1127 1154 1175 a

106 1202 189 1268 mali
213 1201 408 1266 credebatis:
441 1205 532 1266 ortus
556 1206 607 1266 est
624 1201 722 1288 longe
741 1203 866 1268 saevior
889 1201 1034 1269 Catulus.
1071 1205 1120 1265 tu-
1140 1215 1173 1264 10
1264 1274 1271 1292 ἱ

107 1291 235 1356 multus
253 1288 439 1355 intercessit
456 1289 560 1355 Bruto
580 1294 613 1355 et
631 1289 795 1356 Mamerco
816 1291 1013 1356 consulibus.
1046 1289 1121 1354 dein

107 1378 141 1446 0.
167 1377 269 1445 Curio
293 1377 334 1442 ad
356 1377 492 1443 exitium
510 1399 612 1462 usque
630 1379 770 1444 insontis
790 1379 915 1444 tribuni
933 1379 1118 1444 dominatus

106 1473 167 1534 est
215 1465 372 1532 Lucullus
396 1466 560 1551 superiore
584 1488 667 1532 anno
691 1468 823 1552 quantis
846 1467 964 1533 animis
986 1467 1063 1531 ierit
1085 1467 1121 1530 in
1139 1480 1171 1529 11

106 1557 141 1622 L.
168 1554 356 1639 Quintium,
392 1555 529 1620 vidistis.
582 1559 722 1640 quantae
754 1556 891 1640 denique
921 1577 1008 1621 nunc
1039 1554 1120 1619 mihi

106 1645 227 1710 turbae
242 1643 459 1709 concitanbul
483 1665 565 1728 quac
578 1643 725 1729 profecto
739 1645 775 1710 in
788 1666 916 1710 cassum
930 1644 1121 1730 agebantur,

107 1735 134 1798 si
157 1732 253 1818 prius
282 1753 380 1816 quam
406 1752 464 1797 vos
495 1732 658 1798 serviundi
685 1733 784 1798 finem
810 1733 860 1798 illi
888 1732 1119 1798 dominationis

106 1821 231 1888 factrui
245 1825 351 1885 erant:
369 1821 563 1905 praesertim
581 1843 655 1887 cum
672 1821 724 1886 his
744 1821 894 1888 civilibus
914 1821 1013 1886 armis
1033 1820 1121 1886 dicta

107 1911 188 1994 alia,
217 1908 274 1975 sed
297 1913 457 1974 certatum
478 1909 643 1994 utrimque
666 1910 705 1975 de
728 1909 948 1976 dominatione
971 1909 1007 1974 in
1024 1909 1120 1975 vobis

107 2001 161 2064 sit.
194 1998 307 2082 itaque
330 2001 438 2064 cetera
460 2019 499 2062 ex
520 1998 654 2063 licentia
677 2002 734 2063 aut
757 1999 831 2065 odio
855 2003 912 2064 aut
931 1998 1069 2063 avantia
1086 1999 1122 2062 iu
1141 2013 1173 2062 ra

107 2101 240 2172 tempus
264 2107 384 2172 arsere,
406 2087 587 2171 permansit
608 2109 673 2152 una
695 2110 747 2152 res
771 2088 881 2174 modo,
904 2109 985 2172 quae
1008 2087 1121 2152 utrim-

108 2198 172 2262 que
192 2174 342 2260 quaesita
360 2177 421 2260 est,
444 2179 478 2239 et
500 2179 612 2259 erepta
629 2176 665 2241 in
682 2179 852 2260 posterum
869 2176 918 2242 vis
937 2175 1122 2261 tribunicia,

107 2265 214 2330 telum
238 2285 257 2327 a
280 2263 458 2329 maioribus
485 2263 632 2328 libertati
658 2269 819 2348 paratum.
866 2265 951 2349 quod
979 2285 1040 2352 ego
1062 2286 1121 2330 vos
1142 2279 1174 2328 13

108 2373 228 2419 moneo
256 2372 441 2435 quaesoque
468 2355 507 2416 ut
534 2352 803 2419 animadvortatis
828 2375 892 2419 neu
918 2353 1052 2418 nomina
1075 2375 1122 2418 re·

107 2463 183 2507 rum
207 2439 248 2505 ad
270 2439 435 2526 ignaviam
458 2443 623 2506 mutantes
647 2441 751 2506 otium
773 2463 833 2526 pro
858 2441 991 2507 servitio
1016 2443 1122 2526 appel·

107 2529 195 2596 letis.
229 2549 293 2612 quo
316 2529 383 2593 iam
404 2529 477 2613 ipso
500 2527 575 2614 frui,
598 2529 626 2594 si
648 2551 725 2594 vera
748 2534 782 2595 et
803 2530 942 2595 honesta
960 2530 1123 2616 flagitium

109 2617 323 2704 superaverit,
339 2639 406 2682 non
424 2621 475 2681 est
494 2617 653 2682 condicio:
671 2617 798 2704 fuisset,
819 2619 847 2683 si
867 2618 998 2684 omnino
1019 2619 1122 2704 quies-

109 2706 200 2772 setis.
246 2727 332 2770 nunc
355 2705 499 2770 animum
527 2706 695 2771 advortere
719 2710 760 2791 et,
782 2706 848 2772 nisi
869 2707 1023 2792 viceritis,
1046 2729 1123 2792 quo·

107 2795 200 2860 niam
228 2794 333 2858 omnis
365 2793 484 2858 iniuria
515 2794 678 2879 gravitate
706 2795 810 2860 tutior
839 2800 903 2880 est,
936 2796 1039 2860 artius
1068 2797 1123 2862 ha·

108 2884 245 2948 bebunt.

177 2969 288 3047 “Quid
311 2991 421 3036 censes
444 2969 592 3058 igitur?”
626 2971 744 3056 aliquis
767 2975 916 3038 vostrum
939 2973 1175 3038 subiecerit.14

108 3059 254 3145 primum
269 3059 414 3123 omnium
428 3060 649 3126 omittundum
667 3083 791 3126 morem
809 3060 896 3126 hunc
910 3083 1007 3145 quem
1024 3063 1123 3148 agitis

109 3148 260 3234 iangrae
287 3147 431 3233 linguae,
459 3148 559 3213 animi
590 3149 714 3234 ignavi,
745 3171 811 3214 non
842 3150 930 3214 ultra
962 3151 1123 3215 contionis

108 3237 220 3302 locum
244 3257 405 3300 memores
427 3235 599 3302 libertatis.
645 3237 759 3302 deinde
788 3235 842 3324 (ne
870 3259 927 3304 vos
952 3239 992 3303 ad
1015 3239 1123 3303 virilia
1142 3253 1175 3303 15

109 3325 169 3390 illa
191 3345 319 3409 vocem,
343 3346 407 3409 quo
430 3325 579 3391 tribunos
602 3325 710 3410 plebei
732 3327 838 3412 modo,
860 3327 1035 3412 patricium
1058 3349 1123 3391 ma

110 3413 306 3500 gistratum,
341 3412 446 3478 libera
482 3414 522 3478 ab
557 3414 746 3480 auctoribus
782 3415 930 3500 patriciis
968 3413 1123 3500 suffragia

110 3502 252 3566 maiores
275 3501 380 3566 vostri
401 3499 579 3588 paravere),
603 3524 676 3568 cum
699 3503 748 3569 vis
773 3504 888 3589 omnis,
912 3503 1066 3589 Quirites,
1089 3504 1123 3568 in

111 3590 205 3656 vobis
229 3589 275 3655 sit
298 3593 332 3656 et
355 3611 436 3672 quae
459 3591 548 3656 iussa
574 3612 660 3657 nunc
687 3613 747 3675 pro
776 3591 849 3657 aliis
873 3592 1035 3677 toleratis,
1063 3613 1122 3676 pro
