2758 4114
261 235 304 300 70
627 233 736 290 annal
753 233 896 289 eannrcl

225 379 411 443 eresistero
430 401 533 463 neque
552 377 725 463 deprecari.
770 377 860 444 Haec
877 381 988 442 tamen
1006 377 1119 461 dicere,
1142 378 1270 443 venisse

260 467 391 547 invitos,
414 469 533 532 eiectos
553 467 662 550 domo;
683 468 711 530 si
729 487 821 530 suam
840 465 981 550 gratiam
999 465 1137 531 Romani
1156 467 1269 547 velint,

260 577 357 638 possa
379 555 420 620 iis
443 555 540 620 utiles
561 576 631 618 esse
650 552 785 636 amieos3
808 555 859 618 vel
883 553 947 618 sibi
970 574 1067 639 agros
1087 553 1271 618 attribuant

225 660 241 708 a
261 645 311 707 vel
333 644 503 728 patiantur
520 664 576 708 eos
599 646 719 725 tenore,
741 663 821 726 quos
841 643 940 706 armis
958 641 1174 726 possederint:
1198 663 1269 706 sese

261 730 332 794 unis
356 728 470 796 Suebis
499 731 684 808 concedere,
712 730 828 813 quibus
850 751 891 793 ne
920 729 952 794 di
980 729 1109 813 quidem
1136 731 1270 794 immor·

260 819 343 883 tales
371 841 466 903 pares
495 840 565 883 esse
592 819 734 901 possint;
764 817 922 901 reliquum
949 817 1078 902 quidem
1107 817 1142 881 in
1169 818 1268 882 terris

261 928 331 971 esse
354 907 525 990 neminem,
549 928 642 991 quem
665 927 733 970 non
755 927 906 990 superare
928 905 1064 990 possint.

228 1011 240 1058 1
348 993 438 1060 VIII.
471 995 522 1059 Ad
545 994 638 1077 haec,
665 1015 746 1079 quae
769 996 874 1058 visum
903 998 965 1077 est,
989 991 1109 1058 ansar
1136 1015 1268 1078 respon-

261 1082 322 1164 dit3
355 1082 410 1146 sed
439 1083 543 1148 exitus
571 1081 634 1146 fuit
660 1081 829 1146 orationis:
863 1078 932 1146 Sibi
963 1082 1086 1146 nullam
1116 1103 1188 1152 cum
1215 1083 1268 1146 his

224 1187 240 1234 a
261 1170 436 1234 amicitiam
461 1193 530 1236 esse
552 1191 662 1255 posse,
686 1171 713 1234 si
735 1169 769 1233 in
794 1169 902 1233 Gallia
924 1174 1141 1254 remanerent,
1163 1191 1269 1254 neque

260 1279 371 1322 verum
394 1280 473 1342 esse,
491 1258 547 1342 qui
566 1279 642 1322 suos
661 1258 741 1322 lines
761 1257 846 1322 tueri
863 1279 927 1322 non
946 1257 1120 1342 potuerint,
1143 1258 1268 1323 alienos

261 1367 430 1431 occupare3
452 1368 555 1430 neque
574 1347 658 1410 ullos
680 1345 716 1410 in
734 1344 844 1409 Gallia
862 1367 976 1410 vacare
995 1365 1102 1430 agros,
1125 1345 1179 1429 qui
1197 1345 1269 1409 dari

225 1451 241 1498 3
260 1437 371 1498 tantae
389 1435 581 1517 praesertim
604 1433 804 1498 multitudini
822 1433 892 1498 sine
915 1433 1034 1497 iniuria
1051 1434 1193 1518 possint3
1211 1434 1268 1498 sed

260 1523 366 1602 licere,
385 1522 414 1587 si
431 1523 545 1606 velint,
566 1523 601 1586 in
618 1520 777 1587 Ubiorum
796 1521 915 1585 finibus
933 1521 1107 1606 considere,
1129 1543 1268 1606 quorum

261 1610 326 1675 sint
348 1610 452 1697 legati
479 1610 564 1695 apud
592 1631 626 1674 se
654 1613 688 1674 et
710 1610 749 1674 de
774 1609 952 1674 Sueborum
979 1608 1106 1673 iniuriis
1134 1631 1266 1694 queran-

259 1702 313 1762 tur
340 1701 373 1762 et
400 1721 420 1763 a
447 1720 481 1763 se
509 1699 664 1763 auxilium
692 1701 820 1780 petant:
854 1697 916 1763 hoc
942 1718 978 1762 se
1008 1695 1102 1761 Ubiis
1131 1697 1267 1782 impera·
1365 1761 1366 1776 ,

259 1791 377 1851 turum.

227 1891 239 1938 1
348 1873 454 1939 VIIII.
485 1873 601 1960 Legati
623 1874 704 1939 haec
724 1895 759 1938 se
783 1873 823 1937 ad
842 1894 918 1938 suos
937 1873 1098 1938 relaturos
1118 1873 1268 1937 dixerunt

260 1967 293 2026 et
316 1984 350 2028 re
374 1962 554 2027 deliberata
580 1966 657 2048 post
684 1961 768 2026 diem
796 1963 927 2026 tertium
957 1961 997 2026 ad
1022 1959 1193 2027 ansarem
1217 1983 1268 2026 re-

259 2073 422 2136 versuros;
446 2052 569 2115 interea
591 2072 631 2114 ne
653 2051 787 2134 propius
811 2071 845 2113 se
866 2053 974 2114 eastra
993 2053 1145 2133 moveret,
1167 2050 1262 2135 petie

225 2142 345 2203 arunt.
398 2137 448 2202 Ne
476 2138 509 2202 id
537 2138 666 2222 quidem
694 2137 814 2202 Caesar
841 2138 882 2202 ab
910 2159 945 2201 se
974 2137 1143 2221 impetrari
1170 2159 1267 2220 posse

225 2226 348 2292 edixit.
401 2225 607 2312 Cognoverat
636 2226 735 2305 enim,
765 2247 918 2309 magnam
947 2229 1075 2310 partem
1104 2225 1267 2309 equitatus

261 2315 301 2378 ab
325 2315 365 2379 iis
388 2315 514 2399 aliquot
542 2314 654 2379 diebus
683 2319 758 2378 ante
781 2313 956 2396 praedandi
984 2312 1267 2398 frumentandique

260 2424 357 2468 causa
379 2403 421 2466 ad
443 2402 667 2467 Ambivaritos
691 2407 782 2466 trans
805 2401 933 2466 Mosam
956 2401 1103 2465 missam:
1130 2401 1191 2466 hos
1215 2423 1266 2466 ex·

260 2490 399 2576 spectari
423 2490 547 2574 equites
566 2494 664 2574 atque
683 2491 751 2554 eius
770 2490 816 2554 rei
835 2511 933 2554 eausa
955 2511 1081 2553 moram
1103 2490 1267 2574 interponi

260 2578 490 2657 arbitrabatur.

226 2683 239 2730 1
347 2665 386 2732 X.
416 2662 510 2731 Mosa
536 2665 668 2749 profluit
696 2687 735 2730 ex
763 2668 873 2730 monte
901 2664 1045 2750 Vosego,
1073 2665 1129 2749 qui
1156 2669 1206 2730 eat
1232 2665 1266 2729 in

259 2754 378 2819 finibus
399 2753 590 2840 Lingonum,
614 2757 647 2818 et
666 2757 759 2835 parte
779 2753 918 2836 quadam
941 2775 979 2817 ex
997 2753 1110 2817 Rheno
1128 2757 1265 2837 recepta,

260 2864 341 2928 quae
365 2844 549 2928 appellatur
573 2841 725 2924 Vacalus,
749 2841 890 2906 insulam
914 2842 1024 2924 [quae]
1048 2841 1148 2905 efficit
1170 2839 1265 2905 Bata-

225 2946 382 3014 avorum,
407 2931 454 3012 [in
476 2931 638 2996 Oceanum
660 2929 780 3011 influit]
803 2950 906 3013 neque
929 2929 1059 3014 longius
1079 2930 1119 2993 ab
1140 2929 1265 2994 Oceano

225 3019 392 3084 emilibus
424 3041 579 3104 passuum
606 3036 702 3082 nxxx
731 3019 766 3082 in
792 3017 941 3082 Rhenum
967 3016 1081 3081 influit.
1135 3017 1266 3082 Rhenus

261 3112 368 3172 autem
388 3107 492 3171 oritur
511 3127 549 3171 ex
563 3105 739 3190 Lepontiis,
758 3107 812 3190 qui
828 3105 926 3189 Alpes
942 3105 1098 3189 incolunt,
1117 3109 1150 3170 et
1168 3107 1265 3191 longo

261 3197 367 3280 spatio
383 3217 440 3280 per
453 3195 532 3259 fines
547 3195 577 3259 N
580 3195 769 3276 antuatium,
788 3191 1020 3277 Helvetiorum,
1036 3192 1265 3276 Sequanorum,

259 3282 552 3365 Mediomatricum,
575 3282 800 3366 Tribocorum,
830 3280 1040 3346 Treverorum
1064 3281 1183 3346 citatus
1206 3282 1266 3347 fer-

224 3377 313 3438 atur
337 3375 383 3453 et,
409 3371 466 3435 ubi
489 3370 615 3436 Oceano
644 3369 929 3454 appropinquavit,
956 3369 989 3433 in
1018 3369 1127 3453 plures
1155 3370 1266 3436 defluit

260 3465 370 3544 partes
399 3459 511 3522 multis
538 3459 787 3542 ingentibusque
819 3457 933 3522 insulis
964 3457 1099 3543 effectis,
1131 3457 1264 3542 quarum

260 3570 335 3632 pars
363 3568 483 3634 magna
506 3547 625 3611 aleris
653 3546 863 3630 barbarisque
890 3545 1078 3611 nationibus
1105 3545 1265 3630 incolitur,
