2758 4114
243 183 285 249 78
611 183 717 238 annul
736 182 880 238 GALLIOI

243 328 429 414 equitesque
460 327 495 392 in
521 328 711 392 ulteriorem
738 331 870 412 portum
901 327 1055 412 progredi
1087 331 1120 392 et
1151 348 1253 392 naves

146 405 160 428 ⁹
210 433 224 480 2
244 417 454 482 conscendere
478 420 568 480 etse
592 415 683 499 sequi
706 415 810 479 iussit.
862 413 893 478 A
917 415 1033 500 quibus
1057 437 1129 480 cum
1152 415 1253 500 paulo

243 505 367 569 tardius
397 508 482 568 essct
512 503 787 582 administratum,
817 503 888 586 ipse
919 503 1001 568 horu
1031 503 1156 568 circiter
1188 503 1253 567 diei

244 597 360 676 quarta
383 615 457 658 cum
483 591 598 676 primis
626 591 762 656 navibus
785 589 1001 656 Britanniam.
1019 591 1131 676 attigit
1154 595 1252 675 atque

243 680 289 744 ibi
312 679 346 744 in
370 679 520 744 omnibus
544 679 681 744 collibus
710 679 873 764 expositas
901 678 1046 743 hostium
1070 679 1180 764 copias
1203 701 1252 743 ar-

209 784 224 832 3
244 772 350 833 matas
373 767 550 852 conspexit.
596 766 695 833 Ouius
718 767 782 832 loci
804 767 884 831 haec
908 771 978 830 erat
999 771 1130 848 natura,
1154 771 1252 852 atque

245 859 293 920 ita
315 855 482 920 montibus
501 855 648 940 angustis
672 877 761 919 mare
780 855 1016 939 continebatur,
1038 857 1087 920 uti
1110 877 1148 919 ax
1171 855 1252 920 locis

142 985 151 1004 .
209 943 462 1027 lsuperioribus
490 943 524 1007 in
557 943 633 1008 litus
661 944 763 1008 telum
795 943 883 1028 adigi
914 947 1034 1028 posset.
1088 942 1183 1008 Hunc
1210 944 1253 1008 ad

244 1031 470 1118 egrediendum
502 1053 705 1115 nequaquam
741 1031 892 1096 idoneum
924 1031 1031 1096 locum
1064 1031 1252 1114 arbitratus,

245 1121 320 1184 dum
343 1119 486 1203 reliquae
509 1140 608 1182 naves
632 1141 669 1183 ec
693 1121 911 1199 convenirent,
935 1119 975 1184 ad
993 1119 1109 1184 horam
1131 1141 1252 1184 nonam

175 1231 176 1236 ¹
209 1209 278 1271 sin
311 1207 436 1272 ancoris
469 1207 677 1290 exspectavit.
730 1205 865 1272 Interim
899 1207 1017 1291 legatis
1049 1207 1252 1292 tribunisque

245 1295 391 1361 militum
415 1294 615 1379 convocatis,
647 1298 681 1359 et
708 1317 789 1380 quae
818 1318 856 1360 cx
883 1295 1048 1360 Voluseno
1079 1300 1253 1382 cognosset

245 1387 382 1468 atquae
405 1382 476 1448 fieri
498 1383 611 1466 vellet,
639 1383 781 1447 ostendit
808 1385 1010 1468 monuitque,
1037 1387 1074 1446 ut
1097 1384 1144 1449 rei
1167 1384 1252 1448 mili-

244 1473 325 1536 taris
348 1471 442 1554 ratio,
465 1471 604 1535 maxime
626 1475 664 1535 ut
687 1471 870 1536 maritimae
897 1493 949 1535 res
976 1472 1192 1557 postularent,
1215 1476 1252 1536 ut

245 1581 327 1644 quac
354 1561 490 1624 celerem
519 1563 616 1642 atque
643 1559 831 1623 instabilem
859 1562 984 1623 motum
1012 1559 1183 1643 haberent,
1211 1561 1252 1625 ad

244 1649 359 1712 nutum
383 1652 416 1712 et
439 1647 480 1712 ad
502 1650 631 1731 tempus
651 1669 762 1712 omnes
785 1669 837 1712 res
861 1648 902 1712 ab
925 1647 965 1712 iis
989 1647 1252 1713 administraren-

211 1753 226 1800 6
246 1740 307 1800 tur.
352 1733 414 1800 His
438 1735 580 1800 dimissis
604 1740 637 1800 et
655 1739 787 1799 ventum
811 1739 844 1800 et
867 1739 993 1800 aestum
1016 1759 1081 1801 uno
1105 1739 1252 1820 tempore

244 1828 358 1889 nactus
382 1823 570 1907 secundum,
598 1824 675 1887 dato
698 1823 794 1909 signo
824 1827 856 1888 et
879 1823 1017 1888 sublatis
1041 1825 1168 1890 ancoris
1191 1824 1251 1890 cir·

245 1912 324 1977 citer
351 1911 443 1976 milia
469 1933 624 1995 passuum
652 1914 775 1996 septem
809 1912 851 1975 ab
879 1933 916 1976 eo
945 1913 1017 1978 loco
1049 1933 1251 1999 progressus,

246 2005 357 2083 aperto
380 2021 417 2064 ac
439 2001 538 2084 plano
561 2000 659 2064 litore
681 2021 782 2064 naves
804 1999 982 2064 constituit.

212 2105 224 2151 1
333 2086 469 2152 XXIIII.
502 2085 549 2154 At
562 2087 703 2171 barbari,
722 2087 856 2152 consilio
871 2087 1091 2153 Romanorum
1110 2088 1251 2174 cognite,

245 2176 424 2262 praemisso
439 2175 585 2259 equitatu
604 2179 636 2240 et
651 2175 829 2260 essedariis,
848 2198 910 2261 quo
929 2177 1117 2262 plerumque
1135 2197 1251 2262 genere

245 2264 280 2328 in
308 2263 441 2348 proeliis
471 2263 520 2328 uti
550 2268 758 2346 consuerunt,
789 2264 922 2348 reliquis
955 2263 1056 2350 copiis
1087 2265 1251 2330 subsecuti

210 2356 375 2416 anostros
406 2351 545 2416 navibus
577 2351 687 2438 egredi
722 2352 948 2437 prohibebant.
1003 2353 1086 2418 Erat
1118 2353 1159 2418 ob
1191 2353 1250 2417 has

245 2463 358 2505 causas
383 2437 509 2504 summa
532 2439 714 2524 difficultas,
739 2441 825 2525 quod
846 2463 945 2506 naves
972 2443 1107 2526 propter
1129 2441 1250 2526 magni·

244 2529 389 2594 tudinem
412 2527 477 2592 nisi
503 2529 537 2591 in
561 2529 628 2593 alto
648 2529 801 2593 constitui
819 2551 885 2594 non
907 2532 1068 2614 poterant,
1092 2528 1250 2593 militibus
1373 2597 1374 2600 ,

245 2621 352 2683 autem
366 2617 489 2704 ignotis
507 2616 597 2699 locis,
615 2616 779 2700 impeditis
798 2617 948 2682 manibus
967 2638 1086 2701 magno
1106 2620 1140 2682 et
1158 2618 1251 2703 gravi

245 2722 341 2770 onere
360 2726 525 2770 armorum
544 2704 706 2788 oppressis
725 2703 822 2769 simul
841 2709 874 2768 et
893 2705 930 2768 de
949 2705 1085 2770 navibus
1105 2705 1251 2770 desilien-
1373 2705 1374 2714 ’

246 2793 322 2857 dum
353 2797 386 2857 et
417 2793 451 2856 in
483 2791 634 2856 fluctibus
664 2793 904 2857 consistendum
937 2797 970 2857 et
999 2815 1071 2857 cum
1100 2793 1250 2858 hostibus

210 2885 317 2946 aerat
343 2881 567 2968 pugnandum,
595 2901 668 2944 cum
695 2881 746 2944 illi
770 2885 826 2946 aut
854 2903 892 2945 cx
915 2881 1005 2946 arido
1034 2885 1091 2946 aut
1116 2883 1250 2966 paulum
1373 2883 1374 2890 '

244 2969 420 3054 inaquam
446 2968 614 3055 progressi
641 2969 791 3034 omnibus
819 2969 973 3034 membris
997 2969 1167 3055 expeditis,
1194 2993 1250 3036 no·

244 3056 380 3122 tissimis
403 3057 484 3122 locis
502 3056 656 3122 audacter
677 3057 745 3121 tela
763 3058 945 3123 conicerent
968 3060 1000 3122 et
1023 3079 1122 3143 equos
1144 3059 1250 3123 insua-

209 3146 348 3210 lfactos
376 3145 557 3210 incitarent.
605 3143 727 3220 Quibus
755 3145 851 3210 rebus
878 3145 984 3211 nostri
1010 3147 1177 3229 perterriti
1203 3151 1250 3212 at·

245 3255 307 3320 que
329 3233 425 3298 huius
445 3233 576 3298 omnino
596 3232 723 3319 generis
747 3255 876 3320 pugnae
894 3234 1037 3318 imperiti
1056 3257 1120 3299 non
1139 3236 1249 3300 cadem

245 3323 412 3387 alacritate
440 3343 477 3386 ac
504 3321 624 3405 studio,
655 3344 717 3406 quo
747 3321 782 3386 in
808 3322 1012 3407 pedestribus
1040 3323 1089 3386 uti
1116 3323 1250 3406 proeliis

244 3412 448 3492 consuerant,
470 3409 652 3475 utebantur.

211 3515 224 3561 1
332 3497 433 3563 XXV.
466 3495 557 3572 Quod
579 3498 635 3562 ubi
654 3497 774 3564 Caesar
796 3496 1034 3582 animadvertit,
1056 3519 1157 3564 naves
1180 3499 1250 3564 lon-
