2758 4114
374 184 440 240 LIB.
459 184 506 240 lll.
540 184 616 240 cAP.
635 184 806 240 XVll-XX.
1058 185 1098 250 61

91 331 133 395 ab
156 330 209 395 his
232 329 276 394 sit
299 350 502 412 concessum,
531 351 622 394 arma
648 329 698 395 uti
720 328 851 412 capiant
873 334 907 395 et
930 331 971 395 ad
993 336 1102 396 castra

91 417 298 484 contendant.
343 415 471 492 Quare
494 439 646 482 concessa
668 417 761 501 laeti,
788 423 825 482 ut
849 419 1016 503 explorata
1038 417 1135 484 vic-s

91 507 191 590 toria,
218 504 391 571 sarmentis
418 504 634 590 virgultisque
661 505 821 590 collectis,
851 506 968 590 quibus
996 507 1100 572 fossas

92 594 314 660 Romanorum
337 593 530 678 compleant,
554 593 595 658 ad
617 597 725 658 castra
747 599 897 678 pergunt.

181 681 319 746 XVllll.
352 679 456 746 Locus
475 686 545 746 erat
563 686 744 746 castrorum
767 682 873 748 editus
892 687 925 746 et
943 683 1102 768 paulatim
1121 699 1135 747 1

93 772 133 835 ab
164 770 231 835 imo
264 769 395 834 acclivis
425 769 551 835 circiter
580 791 695 854 passus
725 770 823 836 milla
875 769 949 836 Huc
981 793 1100 856 magno

93 880 188 924 cursu
216 857 461 940 contenderunt,
489 863 525 922 ut
553 880 651 942 quam
678 857 849 922 minimum
877 859 976 944 spatii
1004 860 1045 923 ad
1068 881 1102 923 se

93 945 293 1032 colligendos
318 946 554 1030 armandosque
572 945 728 1011 Romanis
752 946 890 1029 daretur,
914 947 1103 1012 exanimati-

93 1057 156 1120 que
183 1038 405 1118 pervenerunt
454 1031 594 1098 Sabinus
622 1055 699 1099 suos
721 1033 872 1100 hortatus
896 1035 1137 1120 cupientibus

8 1135 9 1140 ’
94 1125 225 1210 signum
247 1121 313 1188 dat.
349 1122 517 1205 Impeditis
530 1122 685 1188 *hostibus
704 1127 838 1206 propter
856 1145 903 1208 ea,
922 1145 1004 1208 quae
1021 1123 1102 1189 fere·

9 1281 10 1288 χ
93 1212 187 1296 bant,
219 1231 329 1294 onera,
362 1210 469 1275 subito
502 1210 626 1276 duabus
659 1211 763 1294 portis
796 1211 998 1296 eruptionem
1033 1213 1104 1277 fieri

9 1319 10 1366 l
94 1300 192 1364 iubat
226 1297 362 1364 Factum
376 1303 427 1364 est
445 1299 666 1383 oportunitate
684 1298 757 1383 loci,
775 1299 920 1364 hostium
934 1299 1138 1366 inscientiae

8 1437 9 1442 η
96 1411 133 1454 ac
161 1386 406 1473 defetigatione,
437 1387 559 1452 uirtute
594 1386 734 1452 militum
762 1390 796 1451 et
819 1388 1021 1472 superiorum
1044 1411 1103 1473 pu-

8 1519 10 1538 2
97 1497 234 1562 gnarum
257 1475 495 1558 exercitatione,
517 1478 554 1539 ut
576 1497 617 1540 ne
640 1497 740 1539 unum
764 1475 893 1559 quidem
917 1480 1103 1541 nostrorum

8 1545 14 1612 l
95 1566 254 1648 impetum
275 1561 398 1626 ferrent
421 1585 458 1628 ac
482 1563 595 1628 statim
617 1567 712 1649 terga
730 1567 902 1628 verterent.
940 1563 1027 1638 Quos
1045 1565 1139 1629 im·s

96 1651 223 1737 peditos
251 1650 389 1736 integris
416 1651 540 1716 viribus
568 1651 688 1716 milites
715 1651 821 1716 nostri
848 1652 1012 1718 consecuti
1040 1675 1104 1717 rna·

97 1762 197 1825 gnum
211 1760 380 1804 numerum
394 1761 507 1804 eorum
520 1739 719 1821 occiderunt3
733 1739 875 1822 reliquos
891 1740 1016 1824 equites
1031 1761 1104 1806 con-

97 1827 214 1893 sectati
231 1848 360 1911 paucos,
379 1827 435 1911 qui
453 1849 492 1892 cx
510 1827 590 1912 fuga
608 1832 787 1909 evaserant,
805 1828 1014 1912 reliquerunt.
1052 1826 1105 1894 Sic
1124 1845 1140 1894 ὁ

97 1938 161 1982 uno
184 1919 331 1999 tempore
355 1918 387 1980 et
406 1915 444 1979 de
462 1916 573 1980 navali
591 1937 700 2000 pugna
719 1913 859 1980 Sabinus
878 1919 912 1980 et
935 1917 973 1980 de
993 1915 1105 1982 Sabini

96 2003 234 2070 victoria
257 2001 376 2068 Caesar
399 2003 517 2068 certior
539 2003 644 2069 factus
676 2007 732 2080 est,
759 2003 971 2090 civitatesque
995 2027 1105 2070 omncs

98 2115 132 2157 se
162 2091 274 2157 statim
299 2090 424 2156 Titurio
453 2091 651 2157 dediderunt.
694 2091 781 2157 Nam
803 2096 841 2156 ut
864 2093 905 2158 ad
928 2094 1016 2158 bella
1039 2112 1140 2160 sus-o

98 2180 245 2266 cipienda
269 2177 437 2244 Gallorum
461 2180 567 2245 alacer
590 2202 628 2246 ac
645 2185 815 2264 promptus
834 2185 884 2245 est
903 2182 1039 2258 animus,
1059 2181 1106 2246 sic

96 2268 208 2334 mollis
232 2290 269 2334 ac
291 2267 424 2332 minime
442 2269 598 2332 resistens
618 2269 658 2332 ad
677 2269 880 2333 calamitates
899 2270 1105 2354 perferendas

97 2378 190 2422 mens
213 2378 325 2421 eorum
348 2361 405 2420 est.

186 2443 256 2508 XX.
292 2443 416 2510 Eodem
442 2444 510 2509 fere
538 2449 684 2530 tempore
707 2444 842 2510 Publius
867 2444 1012 2529 Crassus,
1035 2465 1141 2511 cumr

97 2535 134 2598 in
151 2533 364 2618 Aquitaniam
381 2533 591 2616 pervenisset,
610 2554 691 2617 quae
712 2534 827 2618 [pars],
845 2537 882 2598 ut
896 2537 971 2598 aute
985 2533 1106 2598 dictum

99 2625 163 2704 est,
191 2624 224 2686 et
251 2621 421 2706 regionum
450 2621 621 2686 latitudine
649 2625 682 2685 ct
705 2620 912 2686 multitudine
939 2621 1108 2686 hominum

99 2733 138 2774 ex
152 2709 252 2774 tertia
266 2713 359 2794 parte
374 2708 500 2774 Galliae
515 2712 566 2774 est
582 2709 791 2793 aestimanda,
810 2733 883 2775 cunr
902 2710 1108 2795 intellegeret

99 2799 134 2862 in
163 2797 203 2862 iis
233 2797 313 2862 locis
343 2796 406 2862 sibi
437 2798 561 2862 ballum
590 2797 780 2882 gerendum,
810 2798 867 2862 ubi
896 2797 1008 2882 paucis
1032 2801 1107 2862 ante

100 2885 193 2950 annis
225 2885 343 2950 Lucius
374 2885 525 2950 Valerius
557 2885 775 2950 Praeconinus
806 2886 935 2971 legatus
966 2886 1108 2951 exercitu

99 2973 195 3058 pulso
214 2972 402 3038 interfectus
422 2977 516 3056 esset,
535 2978 632 3056 atque
650 2974 734 3038 unde
752 2973 870 3038 Lucius
885 2974 1017 3039 Mallius
1036 2996 1108 3058 pro-

100 3061 213 3127 consul
240 3061 478 3146 impedimentis
506 3061 635 3126 amissis
662 3061 874 3147 profugisset,
902 3084 969 3126 non
991 3063 1109 3127 medio-

100 3171 187 3215 crem
207 3149 269 3214 sibi
289 3149 489 3235 diligentiam
509 3149 724 3214 adhibendam
737 3150 958 3236 intellegebat.
994 3149 1108 3235 Itaque
1129 3169 1143 3215 a

100 3261 134 3304 re
153 3237 365 3302 frumentaria
383 3237 522 3322 provisa,
541 3237 671 3302 auxiliis
687 3238 895 3322 equitatuque
910 3243 1108 3323 comparato,

101 3326 213 3392 multis
246 3329 415 3410 praeterea
446 3325 526 3390 viris
557 3325 698 3391 fortibus
729 3326 850 3392 Tolosa
881 3330 915 3391 et
946 3326 1108 3408 Narbone,

102 3436 184 3499 quae
212 3418 288 3479 sunt
315 3413 463 3479 civitates
488 3414 614 3479 Galliae
642 3415 828 3499 provinciae
855 3413 1012 3479 finitimae
1041 3417 1106 3496 [ex]

100 3503 152 3568 his
171 3501 369 3588 regionibus,
391 3503 586 3568 nominatim
610 3503 752 3568 evocatis
771 3504 805 3567 in
824 3500 1008 3568 Sontiatum
1027 3502 1107 3567 fines
