2758 4114
247 177 291 241 46
617 173 724 228 Bannl
742 172 888 229 GALLIOI

248 319 390 403 reliquos
409 318 598 383 cohortatus
623 317 743 382 milites
763 317 858 402 signa
875 317 994 381 inferre
1018 319 1051 381 et
1071 315 1255 400 manipulos

213 426 228 474 ι
248 409 358 472 laxare
381 406 490 490 iussit,
514 428 577 488 qno
600 405 727 470 facilius
750 405 868 489 gladiis
891 405 939 469 uti
962 408 1104 489 possent.
1157 402 1255 470 Cuius

249 497 386 560 adventu
415 516 471 577 spe
500 495 596 558 illata
627 493 786 558 militibus
815 514 853 558 ae
884 493 1105 576 redintegrato
1139 493 1257 574 animo,
1373 529 1374 542 .

248 607 321 649 cum
348 605 407 667 pro
436 603 469 646 se
498 583 633 666 quisque
657 582 691 646 in
720 584 895 666 conspectu
921 581 1129 666 imperatoris
1157 580 1256 645 etiam

248 673 282 736 in
301 671 452 735 extremis
471 670 537 734 suis
556 671 653 734 rebus
673 691 805 754 operam
826 690 946 733 navare
965 672 1105 753 cuperet,
1122 669 1256 752 paulum

248 759 390 825 hostium
415 759 555 844 impetus
578 759 727 822 tardatus
751 761 809 822 est.

215 865 228 912 1
336 845 454 912 XXVI.
496 843 616 910 Caesar
652 867 725 911 cum
757 847 929 930 septimam
966 845 1142 929 legionem,
1175 866 1256 929 qnae

248 937 340 1000 iuxta
358 934 558 1017 constiterat,
581 934 660 998 item
678 933 788 1019 urgeri
811 934 852 998 ab
875 933 969 998 hoste
987 933 1132 1016 vidisset,
1155 933 1257 997 tribu·

248 1045 308 1088 nos
331 1023 473 1087 militnm
495 1021 635 1105 monuit,
663 1025 702 1086 ut
723 1021 883 1104 paulatim
911 1043 980 1086 sese
1011 1021 1156 1107 legiones
1184 1043 1257 1086 oon·
1373 1069 1374 1092 ι

216 1112 422 1196 aiungerent
445 1114 478 1175 et
496 1131 651 1175 conversa
674 1111 768 1193 signa
790 1110 825 1173 in
845 1109 951 1174 hostis
974 1109 1141 1174 inferrent.
1186 1107 1256 1184 Quo
1373 1137 1374 1154 ι

249 1199 337 1265 facto
361 1219 434 1264 cum
453 1198 536 1263 alius
556 1198 614 1262 alii
637 1197 815 1262 subsidium
840 1197 950 1280 ferret,
972 1219 1075 1282 neque
1094 1196 1257 1280 timerent,

249 1309 289 1351 ne
309 1287 413 1351 aversi
432 1287 474 1350 ab
492 1286 587 1351 hoste
602 1285 916 1366 circumvenirentur,
936 1285 1087 1350 audacius
1105 1285 1257 1350 resistere

215 1395 287 1442 ιιι
309 1374 427 1440 fortine
450 1395 597 1459 pugnare
620 1377 803 1459 coeperunt.
848 1373 983 1438 Interim
1012 1373 1134 1437 milites
1157 1373 1257 1457 legio-

249 1485 327 1528 num
346 1463 491 1544 dnarum,
514 1484 596 1546 quae
616 1461 652 1526 in
670 1461 846 1526 novissimo
866 1463 996 1546 agmine
1014 1460 1175 1546 praesidio
1199 1461 1257 1524 im-

248 1550 442 1635 pedimentis
465 1549 604 1628 iuerant‚
628 1549 752 1634 proelio
775 1549 925 1614 nuntiato
947 1570 1041 1614 eursu
1064 1548 1199 1615 incitato
1223 1550 1258 1613 in

213 1657 376 1704 4summo
408 1639 490 1704 colle
524 1638 565 1703 ab
594 1637 744 1703 hostibus
779 1637 1071 1722 conspiciebantur,
1103 1641 1136 1702 et
1163 1636 1256 1701 Τιιιιι

249 1727 410 1792 Labienus
428 1726 544 1792 castris
563 1726 708 1791 hostium
731 1724 855 1811 potitus
879 1729 912 1790 et
935 1747 973 1790 ex
991 1725 1063 1790 loco
1083 1725 1257 1810 superiore,
1373 1743 1374 1750 ¹

249 1837 331 1900 quae
353 1837 405 1879 res
428 1814 464 1878 in
484 1813 606 1879 nostris
625 1813 740 1879 castris
759 1817 956 1900 gererentur,
979 1813 1184 1896 conspicatus
1204 1813 1257 1878 de-

214 1921 230 1969 ι
250 1903 367 1968 cimam
389 1901 552 1988 legionem
574 1901 717 1968 subsidio
740 1901 862 1966 nostris
886 1901 985 1967 misit.
1037 1899 1099 1976 Qui
1122 1923 1196 1966 cum
1219 1923 1257 1966 ex

250 1991 394 2076 equitum
413 1993 446 2054 et
464 1990 615 2054 calonum
632 1989 720 2074 iuga,
742 1989 857 2074 quoin
881 1989 952 2054 loco
972 2011 1024 2054 res
1048 1992 1134 2053 esset
1157 2011 1257 2074 quan-

249 2083 348 2164 toque
370 2081 405 2142 in
426 2077 570 2162 periculo
598 2081 631 2142 et
659 2081 767 2143 castra
790 2082 823 2142 et
850 2077 995 2163 legiones
1019 2079 1052 2141 ct
1078 2077 1257 2162 imperator

248 2171 442 2248 versaretur,
464 2167 702 2251 cognovissent,
727 2165 810 2230 nihil
834 2164 874 2228 ad
897 2165 1099 2230 celeritatem
1123 2165 1185 2230 sibi
1208 2187 1256 2230 re·

249 2255 330 2340 liqui
351 2255 506 2318 iecerunt.

216 2360 229 2408 1
336 2341 472 2406 XXVII.
503 2340 630 2406 Horum
648 2341 789 2406 adventu
807 2345 902 2405 tanta
919 2363 1028 2405 rerum
1043 2341 1256 2405 commutatio
1335 2377 1340 2389 =

250 2434 299 2496 est
331 2430 430 2514 facta,
462 2433 500 2494 ut
530 2429 648 2512 nostri,
680 2429 776 2493 otiam
811 2430 866 2513 qui
897 2429 1085 2494 vulneribus
1118 2428 1257 2494 confecti

248 2518 510 2604 procubuissent,
537 2517 637 2582 scutis
668 2516 771 2580 innixi
799 2515 959 2602 proelium
990 2517 1256 2602 redintegrarent.

214 2607 332 2672 aTnm
355 2607 484 2672 calones
507 2605 697 2690 perterritos
719 2605 831 2670 hostes
850 2605 1029 2690 conspicati
1052 2605 1151 2669 etiam
1173 2605 1256 2669 iner-

250 2717 317 2759 mes
337 2695 472 2760 armatis
487 2696 705 2777 occurrerunt,
723 2694 845 2777 equites
864 2714 950 2775 vero,
967 2697 1005 2760 ut
1022 2692 1256 2778 turpitudinem

249 2782 346 2869 fugae
373 2783 493 2848 virtute
521 2781 679 2864 delerent,
711 2781 861 2846 omnibus
887 2781 923 2846 in
952 2781 1033 2846 locis
1059 2785 1257 2866 pugnarunt,

215 2889 314 2956 equo
343 2893 377 2935 se
405 2868 593 2957 legionariis
620 2868 780 2933 militibus
807 2869 1016 2953 praeferrent.
1070 2868 1117 2933 At
1143 2869 1257 2934 hostes

250 2959 350 3024 etiam
372 2960 407 3022 in
430 2962 574 3023 extrema
602 2979 659 3042 spe
687 2956 802 3021 salutis
830 2959 957 3022 tantam
983 2956 1139 3022 virtutem
1165 2979 1257 3041 prae-

250 3047 417 3130 stiterunt,
443 3050 492 3127 ut,
522 3067 594 3111 cum
622 3044 720 3128 primi
748 3066 860 3109 eorum
887 3045 1090 3128 cecidissent,
1118 3045 1257 3130 proximi

250 3134 430 3200 iacentibus
452 3134 642 3198 insisterent
668 3137 763 3216 atque
792 3154 831 3197 ex
854 3153 966 3198 eorum
989 3134 1179 3218 corporibus
1202 3156 1258 3218 pu·

214 3225 402 3309 agnorant,
428 3221 480 3287 his
508 3221 640 3287 deiectis
664 3225 697 3286 et
723 3223 922 3287 coacervetis
952 3221 1176 3303 cadaveribus,
1203 3221 1258 3306 qui

251 3314 469 3396 superessent,
491 3314 528 3375 ut
551 3331 590 3374 ex
613 3309 740 3374 tumulo
768 3310 835 3374 tela
864 3309 899 3374 in
920 3312 1051 3375 nostros
1075 3309 1258 3374 conicerent

128 3459 135 3477 ,
215 3403 283 3464 ιιι
315 3399 383 3484 pila
418 3399 598 3484 intercepta
634 3397 854 3462 remitterent:
890 3401 927 3462 nt
961 3419 1027 3462 non
1062 3397 1258 3482 nequiquam

250 3491 362 3553 tantae
391 3486 523 3553 virtutis
554 3485 701 3552 homines
733 3485 868 3552 iudicari
898 3485 1029 3552 deberet
1061 3507 1158 3552 ausos
1188 3507 1258 3552 esse
