2718 4124
225 153 266 216 14
553 153 580 209 0.
602 153 771 208 anabusn
790 153 905 208 omem

171 299 213 364 23
313 297 376 364 Sed
394 299 429 363 in
447 320 486 365 ea
504 298 727 366 coniuratione
745 297 809 363 fuit
828 297 865 374 Q.
879 296 1006 382 Curius,
1028 303 1126 364 natus
1145 299 1236 364 haud

225 388 363 454 obscuro
396 388 485 472 loco,
517 387 653 474 flagitiis
688 391 786 472 atque
818 385 1018 452 facinoribus
1050 390 1236 472 ooopertus,

189 491 322 561 aquom
346 497 494 542 censores
522 480 637 541 senatu
659 476 772 560 probri
799 475 908 561 gratia
934 479 1112 540 moverant
1156 475 1237 542 huic

223 564 349 631 homini
366 586 433 629 non
451 564 558 629 minor
575 565 702 630 vanitas
721 564 828 630 inerat
846 585 945 648 quam
963 563 1111 628 audacia:
1127 585 1236 649 noque

225 654 360 718 reticere
384 674 466 736 quae
490 653 645 737 audierat,
667 673 772 736 neque
796 656 924 718 suamet
946 651 1016 736 ipse
1038 652 1161 718 scelera
1183 674 1236 720 oo·

225 742 362 826 culture,
388 762 522 825 prorsus
544 761 648 824 neque
671 741 777 805 dicere
799 763 903 825 neque
925 739 1031 805 facere
1059 740 1235 825 quicquam

190 830 317 914 epensi
343 829 495 894 habebat.
541 832 612 893 erat
634 829 665 893 ei
692 850 766 894 cum
790 827 922 914 Fulvia,
953 828 1088 894 muliera
1119 829 1236 916 nobili,

225 917 331 1002 stupri
354 921 447 983 vetus
471 918 678 983 consuetudo.
706 917 758 982 cui
782 939 855 983 cum
878 917 984 982 minus
1008 921 1122 1003 gratus
1136 922 1236 1004 esset,

226 1007 302 1091 quia
328 1007 440 1090 inopia
466 1005 573 1070 minus
606 1005 721 1091 largiri
746 1008 891 1090 poterat,
922 1010 1055 1090 repente
1087 1005 1235 1091 glorians

225 1095 329 1160 maria
351 1094 535 1178 montisque
558 1094 706 1178 polliceri
730 1094 838 1178 coepit
865 1098 899 1158 ct
925 1093 1043 1158 minari
1068 1094 1236 1162 interdum

225 1184 321 1268 lerro,
343 1183 378 1248 ni
396 1183 460 1248 sibi
479 1182 618 1247 obnoxia
635 1181 735 1267 foret,
756 1186 924 1267 postremo
941 1180 1082 1248 ferocius
1106 1183 1235 1269 agitare

191 1287 326 1356 aquam
349 1271 466 1337 solitus
489 1274 568 1336 erat
614 1274 651 1335 at
672 1270 788 1335 Fulvia
814 1270 1007 1335 insolentiae
1029 1268 1109 1337 ouri
1136 1293 1236 1338 causa

226 1360 358 1446 cognita
388 1359 455 1425 tale
486 1359 666 1444 periculum
696 1359 744 1423 roi
770 1358 919 1444 publicae
951 1359 1037 1424 haud
1069 1360 1236 1426 occultum

225 1448 355 1532 habuit,
379 1449 435 1513 sed
458 1447 587 1513 sublato
606 1451 738 1513 auctore
761 1448 800 1512 do
823 1446 984 1513 Catilinae
1011 1448 1235 1515 coniuratione

227 1557 308 1620 quae
332 1557 459 1620 quoque
482 1537 579 1602 modo
603 1536 763 1622 audierat,
786 1535 995 1620 conpluribus
1017 1537 1172 1603 narravit.

192 1640 208 1689 o
292 1624 343 1690 lla
361 1646 412 1689 res
434 1625 597 1709 inprimis
622 1625 731 1690 studia
746 1623 917 1690 hominum
936 1625 1083 1690 accendit
1101 1626 1142 1691 ad
1160 1647 1235 1693 eon·

192 1731 208 1779 o
227 1713 370 1778 sulatum
388 1713 605 1778 mundandum
618 1711 662 1779 la
676 1713 784 1778 Tullio
799 1712 957 1780 Ciceroni.
978 1735 1118 1798 namquo
1137 1719 1235 1780 antea

226 1804 380 1887 pleraque
407 1801 562 1867 nobilitas
585 1801 707 1867 invidia
730 1803 915 1886 aesmabat,
946 1805 980 1866 et
1007 1803 1101 1886 quasi
1129 1803 1235 1888 pollui

226 1891 431 1956 consulatum
449 1889 631 1976 eredebant,
655 1891 684 1956 si
703 1913 777 1956 eum
796 1890 943 1974 quamvis
963 1891 1115 1978 egregius
1133 1891 1234 1959 bomo

226 2000 328 2044 novos
351 1979 487 2062 adeptus
514 1977 609 2044 foret
655 1979 711 2044 sed
731 1979 790 2044 ubi
811 1979 992 2064 perieulum
1015 1979 1159 2065 advenit,
1188 1981 1235 2047 in·
1335 1977 1336 1996 ¹

175 2068 218 2133 24
227 2067 313 2131 vidia
336 2065 433 2150 atque
458 2067 609 2151 superbia
635 2071 712 2152 post
738 2066 837 2133 luere.
881 2067 984 2153 igitur
1013 2067 1156 2134 comitiis
1178 2069 1235 2135 ha-

226 2155 305 2220 bitis
329 2154 477 2220 consulas
504 2155 710 2221 declarantur
731 2154 776 2221 M.
797 2155 923 2221 Tullius
944 2159 981 2241 et
1002 2153 1037 2222 0.
1059 2155 1234 2225 Antonius.

229 2243 313 2329 quod
327 2241 451 2307 factum
468 2242 574 2327 primo
589 2244 755 2328 popularis
770 2243 1003 2310 coniurationis
1018 2252 1235 2314 concusserat
1334 2249 1335 2275 ¹

192 2350 331 2416 sueque
353 2334 464 2395 tamen
486 2329 646 2396 Catilinae
672 2331 764 2397 furor
786 2333 1006 2416 minuebatur,
1029 2333 1085 2398 sed
1107 2334 1142 2400 in
1164 2336 1234 2402 dies

227 2421 322 2505 plura
344 2419 486 2504 agitare:
509 2441 599 2483 arma
625 2441 684 2503 per
705 2419 837 2485 Italiam
859 2421 941 2486 locis
964 2423 1158 2506 opportunis
1180 2447 1235 2510 pa

227 2529 309 2592 rare,
330 2506 501 2591 pecuniam
524 2529 583 2572 sua
606 2511 664 2571 aut
686 2508 864 2588 amicorum
892 2509 956 2574 fide
979 2514 1144 2595 sumptam
1166 2535 1235 2578 mu·

227 2601 318 2661 tuam
329 2595 485 2659 Faesulas
500 2595 541 2659 ad
549 2594 708 2660 Manlium
722 2598 881 2681 quendam
894 2601 1035 2683 portare,
1049 2599 1106 2682 qui
1118 2606 1235 2684 postea

193 2685 377 2769 sprinoeps
404 2682 468 2748 fuit
494 2684 573 2748 belli
599 2683 750 2750 faciundi.
795 2707 833 2750 ca
855 2690 1051 2770 tempestate
1067 2688 1234 2772 plurumos

228 2773 382 2856 cuiusque
406 2771 534 2856 generis
556 2772 704 2838 homines
729 2773 902 2840 adscivisse
926 2775 989 2839 sibi
1012 2775 1144 2862 dicitur,
1167 2800 1235 2845 mu·
1332 2803 1333 2819 i

227 2861 323 2924 lieres
355 2859 455 2923 etiam
487 2859 626 2945 aliquot,
658 2883 740 2945 quae
769 2863 875 2947 primo
907 2863 1051 2949 ingentis
1083 2871 1234 2951 sumptus

229 2953 343 3032 stupro
367 2948 512 3031 corporis
539 2949 773 3035 toleraverant,
799 2956 875 3036 post
901 2953 958 3016 ubi
986 2956 1077 3017 aetas
1104 2957 1235 3022 tautum

228 3036 324 3102 modo
358 3035 507 3118 quaestui
532 3057 637 3120 neque
668 3037 815 3105 luxuriae
847 3041 980 3105 modum
1011 3039 1148 3129 fecerat,
1180 3065 1234 3110 aes
1331 3031 1332 3091 ἶ

193 3125 371 3191 calianum
394 3124 515 3208 grande
538 3125 765 3192 conflaverant.
796 3150 855 3212 per
872 3150 927 3194 eas
950 3150 985 3193 so
1004 3127 1148 3197 Catilina
1170 3154 1235 3199 cre

228 3213 327 3279 debat
339 3233 436 3296 posse
450 3212 584 3277 servitia
596 3214 722 3279 urbana
735 3216 920 3301 sollicitare,
933 3217 1048 3282 urbem
1056 3219 1235 3307 incendere,

228 3301 315 3366 viros
339 3320 450 3364 earum
472 3300 523 3365 vel
546 3300 721 3388 adiungere
744 3303 807 3368 sibi
829 3305 880 3369 vel
903 3305 1095 3373 interficere.

176 3391 219 3455 25
296 3386 359 3454 Sed
381 3388 417 3450 in
439 3387 486 3452 eis
509 3392 579 3452 erat
603 3387 807 3477 Sempronia,
834 3415 917 3478 quac
944 3393 1050 3460 multa
1072 3418 1170 3484 saepe
1192 3401 1235 3466 vi·

193 3476 299 3542 arilia
319 3475 470 3540 audaciae
488 3475 634 3542 facinora
653 3479 856 3547 conmiserat
887 3481 967 3547 hacc
987 3484 1104 3550 mulier
1118 3508 1236 3574 genere
