2706 4122
227 184 292 252 134
552 185 581 241 0.
600 185 773 240 smnusrl
790 184 909 242 cumn

227 331 320 398 vobis
344 348 440 418 agere
463 335 609 397 autnon
631 352 728 417 agere
750 335 838 397 certe
860 331 1010 417 possitis,
1039 330 1151 398 Iovem
1178 336 1236 397 aut

176 435 208 486 re
228 420 328 486 alium
360 442 456 504 quem
487 420 583 485 deum
615 420 835 486 consultorem
871 419 1075 504 expectatis?
1116 440 1237 507 magna

227 509 285 574 illa
299 509 468 576 consulum
481 508 619 593 imperia
633 512 666 574 et
679 511 811 593 patrum
830 508 959 574 decreta
976 531 1034 574 vos
1049 509 1235 594 exequendo

227 602 300 663 rata
323 597 462 682 efficitis,
487 596 640 683 Quirites,
663 597 814 681 ultroque
836 597 1003 662 licentiam
1025 597 1061 663 in
1082 620 1141 664 vos
1164 620 1235 664 auc-

176 702 208 753 17
227 690 299 752 tum
322 691 420 772 atque
443 685 590 752 adiutum
612 686 805 771 properatis.
840 707 945 770 neque
968 707 1029 772 ego
1048 708 1106 752 vos
1129 687 1232 752 ultum

227 775 363 840 iniurias
395 775 523 858 hortor,
555 774 661 860 magis
688 774 739 840 uti
770 775 916 859 requiem
948 775 1101 860 cupiatis,
1131 797 1234 860 neque

228 863 415 948 discordias,
432 863 483 928 uti
500 862 549 928 illi
568 863 791 948 criminantur,
809 864 865 928 sed
883 885 994 928 earum
1011 864 1110 930 finem
1123 864 1235 929 volens

227 952 296 1018 iure
320 951 468 1039 gentium
490 973 542 1018 res
565 955 677 1036 repeto
701 956 743 1037 et,
767 951 795 1018 si
812 951 1025 1036 pertinaciter
1041 952 1237 1037 retinebunt,

227 1064 294 1107 non
308 1063 399 1106 arma
411 1062 514 1125 neque
532 1041 755 1125 secessionem,
773 1044 903 1105 tantum
921 1040 1017 1106 modo
1035 1062 1076 1107 ne
1094 1041 1236 1126 amplius

177 1145 209 1196 18
229 1129 421 1216 sanguinem
443 1133 593 1194 vostrum
614 1129 813 1214 praebeatis,
847 1129 993 1195 censebo.
1038 1133 1155 1215 gerant
1180 1130 1237 1194 ha·

228 1219 392 1303 beantquc
416 1239 475 1284 suo
498 1217 595 1283 modo
615 1217 761 1303 imperia,
785 1221 942 1302 quaerant
960 1217 1154 1303 triumphos,
1176 1217 1237 1282 Mi-

227 1307 405 1372 thridatem
422 1303 603 1371 Sertorium
626 1309 660 1371 et
677 1305 831 1390 reliquias
850 1306 981 1370 erulum
998 1310 1237 1391 persequantur

227 1417 302 1462 cum
319 1395 517 1481 imaginibus
541 1395 623 1460 suis:
646 1394 734 1460 absit
751 1395 931 1479 periculum
949 1397 984 1459 et
1000 1394 1094 1460 labos
1118 1395 1237 1479 quibus

176 1501 208 1551 19
226 1485 318 1549 nulla
339 1505 415 1568 pars
437 1482 564 1549 tructus
586 1485 645 1548 est.
689 1483 755 1548 nisi
782 1481 868 1548 forte
891 1483 1061 1567 repentina
1082 1482 1149 1548 ista
1171 1483 1237 1549 tru-

227 1573 387 1639 mentaria
413 1573 486 1658 lege
518 1571 630 1636 munia
659 1574 771 1636 vostra
797 1575 983 1656 pensantur.
1029 1593 1094 1656 qua
1124 1576 1237 1638 tamen

228 1661 335 1746 quinis
368 1660 484 1726 modiis
516 1660 703 1724 libertatem
735 1660 880 1725 omnium
912 1663 1147 1746 aestumavere,
1180 1662 1236 1745 qui

226 1749 374 1835 profecto
392 1771 459 1815 non
476 1748 615 1833 amplius
634 1751 772 1832 possunt
790 1747 954 1813 alimentis
973 1748 1120 1814 carceris.
1147 1771 1237 1814 nam·

228 1861 289 1924 que
320 1843 359 1904 ut
389 1838 456 1902 illis
489 1837 668 1922 exiguitate
699 1858 787 1902 mors
821 1836 1027 1922 prohibetur,
1062 1841 1237 1903 senescunt

227 1928 322 2012 vires,
344 1926 391 1992 sie
413 1947 517 2010 neque
541 1925 683 1990 absolvit
705 1947 783 1990 cura
804 1924 959 1990 familiari
977 1929 1047 1990 tem
1064 1947 1165 2010 parva
1183 1948 1236 1992 res

174 2033 209 2083 2ο
227 2021 261 2082 et
277 2015 443 2101 ignaviam
466 2014 620 2098 cuiusque
639 2014 841 2079 tenuissuma
859 2035 915 2098 spe
933 2013 1119 2079 frustratur.
1154 2036 1237 2099 quae

227 2110 339 2170 tamen
362 2102 509 2188 quamvis
533 2103 642 2186 ampla
665 2102 818 2186 quoniam
837 2101 950 2167 serviti
968 2102 1111 2186 pretium
1130 2108 1238 2169 osten-

227 2197 362 2277 taretur,
386 2192 477 2256 cuius
501 2190 681 2275 torpedinis
705 2195 776 2255 erat
798 2191 903 2274 decipi
926 2194 960 2255 et
982 2195 1167 2256 vostrarum
1188 2214 1237 2258 re-

227 2305 299 2348 rum
325 2281 414 2346 ultro
441 2279 578 2344 iniuriae
605 2279 747 2365 gratiam
770 2278 908 2344 debere?
954 2279 1113 2344 cavendus
1141 2280 1237 2346 dolus

175 2387 207 2434 21
227 2375 286 2436 est.
330 2390 470 2452 namque
502 2368 567 2433 alio
599 2368 695 2432 modo
723 2389 828 2451 neque
859 2367 969 2432 valent
999 2367 1035 2432 in
1063 2368 1237 2436 univorsos

226 2480 330 2542 neque
347 2457 558 2523 conabuntur.
585 2455 696 2540 itaque
711 2456 808 2520 simul
823 2459 1001 2540 conparant
1019 2455 1239 2524 delenimenta
1332 2509 1333 2512 ,

227 2552 260 2612 et
279 2546 432 2611 differunt
449 2566 507 2610 vos
525 2544 561 2609 in
578 2545 753 2610 adventum
768 2542 826 2611 (ln
840 2543 985 2629 Pompei,
1004 2565 1100 2628 quem
1118 2545 1238 2633 ipsum,
1331 2563 1332 2579 ¹

226 2636 283 2701 ubi
296 2634 502 2719 pertimuere,
521 2632 687 2698 sublatum
700 2632 734 2696 in
749 2632 889 2700 eervices
908 2654 993 2718 suas,
1011 2654 1088 2698 mox
1102 2634 1236 2720 dempto
1329 2621 1331 2713 ,¹

173 2742 207 2789 22
226 2729 316 2790 metu
334 2724 487 2789 lacerant.
515 2743 620 2805 neque
639 2742 695 2786 eos
712 2721 822 2806 pudet,
844 2720 987 2786 vindices
1004 2721 1056 2786 uti
1074 2743 1109 2787 se
1125 2722 1239 2790 ferunt
1328 2761 1329 2779 κ

225 2811 404 2897 libertatis,
430 2814 483 2875 tot
505 2809 593 2875 viros
623 2809 692 2874 sine
719 2831 784 2874 uno
812 2812 870 2873 aut
892 2809 1059 2874 remittere
1082 2810 1238 2878 iniuriam
1327 2825 1328 2845 ¹

174 2918 207 2967 23
225 2924 292 2967 non
315 2901 431 2966 audere
461 2902 518 2963 aut
545 2898 595 2962 ius
622 2919 689 2962 non
714 2919 811 2982 posse
839 2896 1016 2963 defendere.
1062 2899 1144 2965 mihi
1168 2901 1238 2986 qui·

226 2991 299 3056 dem
331 2989 411 3054 satis
440 2990 624 3072 spectatum
651 2989 703 3050 est
729 2985 934 3071 Pompeium,
965 2989 1078 3052 tantae
1110 2989 1239 3090 gloriae
1324 2987 1325 2994 '

227 3079 479 3160 adulescentem,
506 3074 602 3138 malle
629 3074 809 3158 principem
837 3074 1023 3140 volentibus
1046 3077 1141 3142 vobls
1165 3100 1239 3145 esee

227 3189 324 3253 quam
342 3165 408 3230 illis
427 3161 658 3228 dominationis
678 3162 802 3228 socium
820 3166 1049 3248 auctoremque
1067 3164 1102 3229 in
1119 3166 1238 3251 primis

173 3271 207 3320 24
224 3255 294 3320 fore
326 3252 518 3318 tribuniciae
550 3249 735 3337 potestatis.
784 3272 909 3336 verum,
941 3251 1101 3338 Quirites,
1139 3259 1239 3323 antea

225 3342 346 3428 singuli
369 3341 454 3406 cives
477 3341 512 3405 in
534 3339 691 3425 pluribus,
713 3361 779 3405 non
801 3339 837 3404 in
858 3361 923 3405 uno
944 3341 1053 3406 cuncti
1070 3344 1238 3427 praesidia

223 3429 405 3514 habebatis,
427 3451 530 3513 neque
549 3428 738 3494 mortalium
752 3427 923 3513 quisquam
939 3429 1014 3494 dare
1034 3435 1092 3496 aut
1111 3433 1238 3519 eripere

224 3519 304 3584 talia
326 3539 410 3584 unus
432 3520 570 3601 poterat.
