2758 4114
247 207 290 270 42
616 205 722 262 Bubul
741 206 884 262 elamor

247 351 371 434 silium,
401 350 457 433 qui
483 372 551 414 rem
580 350 782 434 deferebant,
810 351 896 436 quod
922 349 1035 415 Nervii
1062 351 1256 435 antiquitus,

247 461 321 502 eum
343 437 490 523 equitatu
513 438 595 502 nihil
618 443 753 523 possent
777 435 894 526 (neque
918 437 1002 504 enim
1025 438 1067 502 ad
1089 439 1151 504 hoc
1173 444 1255 504 tem-

247 547 308 610 pus
331 525 431 590 circi
454 527 595 610 student,
618 527 683 609 sed,
706 525 857 610 quicquid
879 529 1025 611 possunt,
1048 526 1254 611 pedestribus

246 615 358 678 valent
380 610 514 699 copiis),
537 636 600 699 quo
624 614 752 680 facilius
774 613 986 679 finitimorum
1010 615 1201 699 equitatum,
1225 616 1255 680 si

245 701 422 786 praedandi
445 723 542 767 eausa
565 701 605 767 ad
628 724 683 767 eos
706 703 879 786 venissent,
901 702 1108 786 impedirent,
1131 703 1254 768 teneris

246 789 416 854 arboribus
439 789 550 854 incisis
573 793 670 874 atque
693 789 819 855 inflexis
843 790 1027 873 crebrisque
1050 790 1085 854 in
1108 791 1254 855 latitudi-

244 899 317 941 nem
342 877 442 942 ramis
461 879 565 943 enatis
589 881 622 942 et
644 878 734 942 rubis
753 878 962 962 sentibusque
979 877 1158 943 interiectis
1181 879 1254 942 effe

246 969 369 1045 corant,
400 969 436 1029 ut
462 966 567 1030 instar
594 965 678 1030 muri
706 965 769 1030 hae
794 988 906 1050 saepes
934 964 1137 1030 munimenta
1162 988 1255 1052 prae·

246 1054 372 1134 berent,
400 1075 464 1137 quo
487 1074 553 1117 non
575 1053 670 1118 modo
695 1055 786 1134 [non]
810 1053 939 1137 intrari,
970 1053 1026 1117 sed
1048 1074 1090 1118 ne
1112 1053 1255 1138 perspici

211 1140 374 1226 squidem
402 1144 521 1223 posset.
573 1140 634 1205 His
664 1143 761 1206 rebus
789 1163 861 1205 cum
888 1141 951 1205 iter
979 1141 1120 1226 agminis
1146 1141 1255 1206 nostri

245 1229 468 1312 impediretur,
500 1251 566 1292 non
598 1228 813 1293 omittendum
845 1228 909 1292 sibi
940 1229 1111 1294 consilium
1138 1229 1254 1294 Nervii

246 1316 518 1380 existimaverunt.

212 1421 226 1469 1
332 1403 453 1469 XVIII.
486 1404 562 1469 Loci
580 1407 699 1468 natura
722 1410 792 1468 erat
813 1404 906 1486 haec,
930 1426 1026 1488 quem
1048 1405 1155 1469 locum
1178 1427 1253 1471 nos-

245 1492 289 1555 tri
316 1492 431 1556 eastris
464 1491 660 1576 delegerant.
706 1489 808 1557 Collis
840 1492 881 1557 ab
912 1513 1038 1556 summo
1071 1493 1254 1576 aequaliter

245 1579 377 1644 declivis
406 1580 446 1644 ad
468 1580 587 1644 flumen
612 1579 737 1662 Sabim,
765 1579 850 1664 quod
877 1601 976 1664 supra
1002 1580 1253 1666 nominavimus,

210 1685 225 1732 a
244 1668 408 1753 vergebat.
454 1667 507 1732 Ab
531 1689 569 1733 eo
588 1667 719 1731 flumine
737 1667 810 1752 pari
828 1667 1010 1732 acclivitate
1028 1667 1122 1732 collis
1140 1690 1253 1734 nasce-

245 1756 342 1819 batur
364 1756 517 1820 adversus
540 1755 615 1820 huic
638 1759 671 1819 et
693 1755 884 1838 contrarius,
906 1777 1023 1840 passus
1046 1756 1174 1820 circiter
1197 1757 1253 1820 du-

245 1847 356 1908 centos
378 1844 507 1907 infimus
521 1847 678 1928 apertus,
709 1843 750 1908 ab
774 1843 937 1929 superiora
964 1847 1057 1926 parte
1080 1845 1252 1928 silvestris,

209 1935 281 1996 sut
313 1953 379 1995 non
410 1931 506 1995 facile
538 1932 698 1995 introrsus
730 1931 869 2016 perspici
900 1935 1020 2015 posset.
1074 1931 1166 2000 Intra
1197 1955 1252 1998 eas

245 2019 345 2083 silvas
368 2017 480 2083 hostes
508 2020 543 2082 in
571 2019 697 2084 occulto
726 2041 796 2084 sese
824 2019 1047 2103 continebant3
1073 2020 1108 2083 in
1136 2025 1252 2102 aperto

244 2107 316 2171 loco
339 2107 514 2171 secundum
533 2106 651 2171 flumen
673 2129 794 2190 paucae
818 2108 976 2172 stationes
998 2107 1142 2190 equiturn
1166 2109 1252 2174 vida

244 2195 372 2258 bantur.
418 2194 577 2258 Fluminis
601 2199 671 2259 erat
695 2195 833 2260 altitudo
857 2195 974 2278 pedum
993 2195 1120 2259 circiter
1142 2195 1251 2262 trium.

210 2300 223 2347 1
332 2281 469 2345 XVIIII.
508 2280 628 2347 Caesar
655 2284 802 2366 equitatu
829 2282 1007 2367 praemisso
1035 2283 1251 2367 subsequeba-

243 2373 297 2434 tur
320 2370 470 2434 omnibus
494 2369 609 2454 copiis,
637 2371 693 2434 sed
715 2371 800 2435 ratio
824 2371 966 2454 ordoque
989 2369 1129 2455 agminis
1153 2373 1251 2436 aliter

208 2475 277 2521 sse
300 2456 456 2538 habebat,
486 2479 523 2522 ac
545 2455 667 2541 Belgae
695 2459 735 2522 ad
758 2458 896 2524 Nervios
919 2457 1110 2522 detulerant.
1163 2457 1250 2524 Nam
1366 2455 1367 2472 ¹

244 2545 330 2630 quod
352 2545 503 2609 hostibus
527 2545 819 2630 appropinquabat,
842 2545 1071 2610 consuetudine
1095 2568 1154 2611 sua
1172 2545 1249 2612 Cae

208 2651 296 2698 ssar
324 2655 379 2697 sex
407 2632 552 2716 legiones
585 2633 750 2717 expeditas
778 2634 928 2715 ducebat3
960 2635 1035 2715 post
1065 2654 1120 2697 eas
1147 2634 1247 2699 totius

243 2720 401 2785 exercitus
424 2721 654 2805 impedimenta
677 2722 870 2804 collocarat3
892 2721 965 2784 inde
989 2721 1070 2784 duae
1093 2721 1250 2807 legiones,

244 2831 324 2892 quae
348 2810 493 2892 proxime
512 2808 713 2893 conscriptae
736 2812 836 2892 erant,
859 2812 965 2872 totum
985 2829 1102 2892 agmen
1125 2811 1250 2876 claude·

207 2915 223 2961 4
242 2896 323 2960 bant
341 2897 566 2980 praesidioque
584 2895 824 2978 impedimentis
844 2900 945 2960 erant.
990 2895 1125 2979 Equites
1143 2900 1251 2963 nostri

243 3006 315 3048 cum
334 2985 552 3050 funditoribus
568 2984 811 3068 sagittariisque
826 2983 945 3048 flumen
961 2985 1156 3067 transgressi
1176 3007 1249 3051 cum

207 3091 222 3138 o
241 3071 385 3136 hostium
405 3072 551 3155 equitatu
574 3071 734 3156 proelium
752 3071 989 3136 commiserunt.
1036 3069 1117 3135 Cum
1142 3095 1176 3138 se
1199 3073 1250 3138 illi

242 3160 417 3224 identidem
439 3160 473 3224 in
501 3159 601 3222 silvas
630 3158 671 3222 ad
698 3181 772 3223 suos
800 3159 977 3242 reciperent
1005 3180 1043 3223 ac
1069 3181 1182 3224 rursus
1210 3183 1259 3226 cx·
1366 3193 1367 3196 ¹

242 3247 326 3310 silva
348 3247 382 3310 in
404 3252 533 3312 nostros
561 3246 718 3329 impetum
740 3247 897 3329 facerent,
926 3267 1029 3328 neque
1051 3247 1157 3311 nostri
1180 3249 1248 3314 lon·
1366 3251 1367 3328 J

243 3335 328 3419 gius,
353 3356 449 3417 quam
473 3355 568 3418 quem
592 3333 633 3398 ad
660 3334 757 3398 finem
781 3336 928 3416 porrecta
952 3334 1016 3413 [ac]
1040 3333 1112 3398 loca
1135 3341 1249 3419 aperta
1366 3329 1367 3348 ¹

241 3422 460 3504 pertinebant,
484 3421 632 3485 cedentes
655 3421 782 3505 insequi
805 3422 972 3500 auderent,
995 3421 1126 3487 interim
1149 3425 1246 3510 legio·
1366 3479 1367 3482 ,

240 3529 298 3572 nes
322 3530 386 3592 sex,
409 3529 490 3591 quae
514 3508 637 3590 primae
659 3509 828 3589 venerant,
851 3529 947 3592 opere
971 3507 1117 3574 dimenso
1140 3519 1249 3578 castra
