2754 4124
307 201 308 208 ’
333 195 399 249 LlB.
419 197 452 251 V.
488 194 565 251 OAP.
584 195 767 250 XXI-XXV.
1016 197 1057 260 9‘1

51 361 133 424 quae
160 339 228 404 iere
256 361 367 404 omnes
394 339 599 405 reicerentur.
645 337 731 416 Quas
759 361 831 405 cum
859 338 1094 422 aliquamdiuo

52 426 171 493 Caesar
193 427 317 493 frustra
340 431 572 512 exspectasset,
594 449 635 492 ne
659 427 736 492 anni
758 432 904 512 tempore
928 449 947 491 a
970 427 1058 492 navi·

50 516 182 599 gestione
210 515 453 596 excluderetur,
469 515 554 598 quod
578 515 817 599 aequinoctium
839 514 984 597 suberat,
1005 536 1058 579 ne·

50 603 191 668 cessario
210 604 380 688 angustius
404 602 525 667 milites
549 603 722 668 collocavit
746 625 797 686 ac,
820 623 947 667 summa
969 606 1058 666 tran-
1077 620 1093 669 6

50 691 215 775 quillitate
230 694 411 775 consecuta,
426 691 566 755 secunda
579 691 662 756 inita
676 713 749 755 cum
764 691 918 756 solvisset
935 689 1058 776 vigilia,

49 780 158 863 prima
179 780 250 844 luce
273 782 395 842 terram
419 779 531 863 attigit
554 800 728 862 omnesque
751 778 932 844 incolumes
958 800 1058 844 naves

73 867 210 931 erduxit
861 927 868 946 ,

49 892 70 952 P
139 953 275 1018 XXIIII.
309 952 479 1020 Subductis
502 954 640 1020 navibus
665 955 866 1040 concilioque
890 953 1096 1020 Galloruml

50 1042 299 1108 Samarobrivae
331 1046 478 1126 peraeto,
511 1043 595 1126 quod
624 1064 662 1108 eo
691 1065 775 1108 anno
803 1045 1001 1107 frumentum
1023 1042 1057 1106 in

50 1130 162 1194 Gallia
183 1134 316 1215 propter
334 1129 496 1195 siccitates
515 1131 686 1216 angustius
703 1135 908 1215 provenerat,
926 1132 1058 1196 coactus

49 1223 103 1284 est
126 1219 221 1282 aliter
243 1240 281 1283 ac
304 1217 525 1302 superioribus
549 1218 641 1283 annis
664 1217 839 1283 exercitum
862 1219 896 1282 in
914 1217 1058 1283 hibernis

49 1306 211 1372 collocare
240 1305 448 1392 legionesque
475 1305 510 1369 in
536 1305 647 1390 plures
675 1305 823 1370 civitates
857 1306 1058 1370 distribuere.

48 1395 103 1458 Ex
133 1393 249 1478 quibus
279 1415 377 1458 unam
406 1394 441 1457 in
469 1392 613 1458 Morinos
643 1393 820 1458 ducendam
850 1393 931 1459 Gaio
954 1384 1092 1458 Fabios

49 1485 163 1568 legato
187 1481 283 1565 dedit,
306 1481 444 1547 alteram
465 1481 500 1545 in
517 1479 657 1546 Nervios
676 1481 796 1558 Quinto
815 1479 971 1566 Ciceroni,
994 1486 1058 1546 tar·

49 1572 134 1635 tiam
151 1569 187 1634 in
203 1568 345 1634 Esubios
363 1568 462 1634 Lucio
481 1568 613 1653 Rosci03
635 1573 784 1654 quartam
803 1569 838 1633 iu
856 1570 966 1634 Remis
985 1591 1057 1633 oum

50 1659 127 1723 Tito
149 1657 293 1722 Labieno
320 1658 353 1721 iu
381 1657 519 1722 confinio
542 1656 753 1722 Treverorum
781 1657 925 1722 hiemare
948 1657 1058 1741 iussit3

49 1752 119 1812 tres
142 1745 177 1810 in
196 1743 308 1830 Belgis
330 1745 516 1827 collocavit3
538 1744 590 1808 his
608 1743 755 1810 Marcum
773 1743 925 1810 Crassum
948 1761 1093 1828 quaes-a

49 1841 158 1899 torem
177 1837 211 1897 et
228 1833 363 1898 Lucium
381 1832 563 1897 Munatium
579 1832 733 1897 Plancum
752 1836 785 1897 et
803 1831 922 1897 Gaium
939 1831 1058 1896 Trebo-

49 1923 143 1987 nium
161 1922 289 2006 legatos
302 1919 466 2004 praefecit.
497 1919 605 1985 Unam
619 1921 788 2006 legionem,
802 1942 899 2006 quam
913 1920 1058 2006 proxime
1077 1936 1094 1984 4

50 2016 143 2074 trans
161 2008 285 2073 Padum
303 2008 547 2092 conscripserat,
570 2011 603 2072 et
621 2010 770 2073 cohortes
788 2031 808 2073 v
827 2010 862 2072 in
879 2007 1059 2090 Eburones,

51 2119 191 2182 quorum
217 2118 294 2181 pars
322 2095 464 2161 maxima
491 2101 542 2160 est
568 2096 652 2160 iuter
680 2095 808 2161 Mosam
835 2118 873 2162 ac
900 2096 1059 2180 Rhenum,

52 2186 109 2270 qui
132 2185 193 2249 sub
215 2184 353 2269 imperio
372 2183 572 2268 Ambiorigis
592 2188 625 2247 et
644 2181 812 2249 Catuvolci
835 2189 937 2267 erant,
959 2185 1058 2248 misit.

50 2274 113 2337 His
137 2272 296 2337 militibus
319 2269 475 2347 Quintum
497 2271 660 2335 Titurium
684 2270 839 2336 Sabinum
869 2275 902 2336 et
924 2271 1092 2337 Luciumo

51 2359 307 2426 Aurunculeium
343 2357 475 2425 coccam
507 2360 634 2445 legatos
666 2381 815 2442 praeesse
847 2359 952 2424 iussit.
1005 2359 1093 2425 Ado

51 2451 139 2514 hunc
166 2447 297 2513 modum
324 2447 508 2512 distributis
536 2447 718 2533 legionibus
744 2447 900 2512 facillime
930 2448 1058 2531 inopiae

50 2536 283 2602 frumentariae
311 2556 381 2600 sese
413 2535 534 2600 mederi
565 2550 675 2622 posse
693 2535 900 2616 existimavit.
949 2535 1092 2619 Atquev

52 2627 170 2690 harum
192 2629 303 2688 tamen
321 2623 466 2688 omnium
488 2623 653 2710 legionum
675 2623 811 2687 hiberna
830 2625 959 2708 praeter
978 2644 1058 2706 eam,

53 2735 152 2798 quam
173 2711 272 2776 Lucio
294 2711 412 2776 Roscio
440 2712 473 2775 in
502 2711 745 2795 pacatissimam
768 2714 801 2774 et
824 2709 1058 2796 quietissimam

51 2804 181 2886 partem
208 2799 384 2865 ducendam
412 2799 557 2882 dederat,
584 2799 716 2864 milibus
743 2819 898 2884 passuum
929 2801 1059 2863 centum

52 2888 311 2954 continebantur.
342 2886 416 2972 Ipse
434 2887 565 2970 interea,
588 2887 694 2970 quoad
716 2887 861 2971 legiones
880 2887 1058 2952 collocatas
1077 2902 1093 2951 s

51 2976 242 3060 munitaque
277 2975 414 3040 hiberna
455 2975 677 3060 cognovisset,
717 2974 751 3038 in
788 2973 897 3039 Gallia
938 2973 1060 3040 morari

51 3065 233 3131 constituit.

141 3151 243 3216 XXV.
287 3150 369 3217 Erat
403 3151 438 3214 in
470 3148 667 3214 Carnutibus
699 3172 826 3216 summo
855 3152 929 3217 loco
961 3154 1093 3216 natust

52 3239 241 3327 Tasgetius,
268 3240 358 3304 cuius
386 3238 525 3304 maiores
551 3238 586 3302 in
609 3259 668 3303 sua
690 3238 822 3303 civitate
845 3260 981 3324 regnum
1004 3240 1058 3304 ob·

50 3331 228 3394 tinuerant.
272 3326 357 3391 Huic
381 3325 500 3392 Caesar
527 3348 587 3410 pro
611 3326 679 3390 eius
701 3326 823 3390 virtute
846 3331 943 3411 atque
966 3328 1001 3390 in
1023 3323 1093 3391 sesa

51 3415 297 3498 benevolentia,
321 3414 406 3498 quod
435 3415 470 3478 in
492 3414 642 3479 omnibus
671 3414 768 3478 bellis
798 3413 958 3500 singulari
991 3415 1058 3480 eius

53 3527 154 3590 opera
180 3503 287 3568 fuerat
314 3524 404 3587 usus,
427 3503 586 3567 maiorum
610 3503 717 3568 locum
739 3504 937 3570 restituerat
982 3503 1092 3569 Ter-s

106 3627 126 3659 e.
141 3627 192 3660 rua.
206 3625 304 3658 manu.
883 3611 898 3663 7
