2746 4120
427 255 541 312 COMM.
560 257 593 312 Π.
622 256 697 312 ΟΑΡ.
716 255 863 312 X-XIIII.
1106 257 1150 321 53

143 401 382 486 exercitumque
404 405 633 486 pervenerunt,
659 399 802 464 universi
829 421 863 465 se
886 399 926 464 ad
948 400 1045 485 pedes
1066 401 1152 485 proi·

143 491 246 576 ciunt·
264 495 369 574 orant,
386 493 424 552 ut
438 489 593 553 adventus
608 451 755 554 Caesaris
774 493 904 573 exspect
890 492 986 553 t.etur
1014 485 1096 573 Oapt
1098 505 1181 554 ama

142 600 235 643 suam
257 579 372 643 urbem
394 577 514 641 videre·
507 596 637 662 ,opera
658 577 810 660 perfecta,
833 576 949 640 turrim
967 577 1150 641 subrutam.

140 667 251 750 itaque
275 667 316 730 ab
336 664 521 729 defensione
539 663 701 729 desistere
737 662 870 728 Nullam
889 664 1006 729 exoriri
1024 686 1150 730 moram

140 775 246 839 posse,
269 753 467 837 quominus,
490 773 564 817 cum
582 751 732 836 venisset,
754 751 782 816 si
800 751 959 835 imperata
979 773 1047 816 non
1067 752 1151 818 faee-

140 847 215 906 rent
242 841 282 906 ad
308 845 438 924 nutum,
467 861 485 904 e
514 839 653 924 vestigio
683 839 905 924 diriperentur.
950 839 1092 925 Decent,
1121 841 1181 905 sit

142 929 274 993 omnino
296 929 396 993 turris
418 927 621 1012 concidisset,
642 948 708 992 non
729 949 825 1012 posse
843 927 964 992 milites
982 927 1151 1014 contineri,

142 1017 221 1101 quin
234 1037 291 1100 spe
304 1015 465 1100 praedae
455 1037 491 1078 111
508 979 649 1079 urbeni'
640 1019 855 1100 mrumperent
872 1015 1048 1100 urbemque
1067 1015 1150 1081 dele-

140 1108 222 1168 rent
267 1103 356 1169 Haec
386 1107 482 1185 atque
512 1102 655 1168 eiusdem
687 1103 814 1200 generis
846 1103 1012 1188 complura
1040 1109 1079 1169 ut
1107 1105 1149 1168 ab

140 1191 327 1257 hominibus
359 1191 463 1256 doctis
494 1211 613 1276 magna
645 1213 719 1257 cum
752 1186 972 1256 misericordia
1005 1191 1063 1257 flet
1048 1195 1149 1276 tuque

140 1280 401 1364 pronuntiantur.

1 1448 9 1459 Ι
112 1391 115 1396 ·
206 1367 294 1432 ΧΙΙΙ.
317 1365 441 1442 Quibus
455 1367 551 1432 rebus
565 1367 721 1432 commoti
737 1366 838 1452 legati
812 1367 977 1432 tmilites
995 1389 1034 1432 ex
1053 1382 1178 1454 operer

141 1456 303 1520 deducunt
288 1453 580 1556 t,oppuguatione
608 1455 708 1520 desist
694 1460 782 1542 t;unt
810 1455 961 1540 operibus
985 1457 1148 1522 custodias

140 1543 335 1628 relinquunt.
381 1542 486 1606 lndut
462 1547 582 1608 trarum
613 1543 752 1626 quodam
784 1564 899 1629 genere
929 1543 1179 1610 misericordias

139 1631 227 1696 facto
246 1631 402 1696 adventus
421 1629 568 1696 Caesaris
586 1635 752 1714 exspectat
753 1653 800 1694 ur.
836 1629 971 1694 Nullum
990 1652 1029 1696 ex
1046 1654 1149 1716 muro,

139 1721 265 1784 nullum
284 1742 303 1782 a
320 1718 442 1783 nostris
460 1719 604 1782 mittitur
621 1718 736 1782 telum.
753 1722 791 1782 ut
808 1739 843 1782 re
862 1718 1018 1804 confecta,
1037 1739 1148 1784 omnes

140 1829 251 1872 curam
274 1811 307 1870 et
329 1807 532 1891 diligentiam
553 1806 732 1870 remittunt
769 1802 888 1870 Caesar
910 1806 995 1870 enim
1018 1827 1076 1890 per
1096 1807 1178 1871 lit-s

140 1899 227 1960 teras
249 1893 412 1959 Trebonio
434 1915 554 1979 magno
560 1915 674 2046 topere
697 1894 917 1978 mandaverat,
939 1916 980 1958 ne
1002 1915 1060 1979 per
1077 1895 1148 1960 ιιιιι

141 1982 295 2067 oppidum
318 1982 495 2067 expugnari
517 1985 574 2066 pat
576 1985 643 2046 eret
644 2003 692 2066 ur,
713 2003 754 2046 ne
777 1982 907 2067 gravius
929 1981 1068 2066 permoti
1090 1983 1149 2047 mi-

140 2069 215 2133 lites
238 2074 272 2133 et
289 2068 479 2134 defectionis
498 2069 572 2134 odio
591 2073 624 2134 et
642 2069 881 2154 contemptione
900 2069 951 2134 sui
970 2075 1003 2135 et
1021 2069 1147 2136 diutino

139 2157 251 2222 labore
275 2177 385 2221 omnes
407 2157 545 2241 puberes
566 2157 798 2243 interficerent3
829 2158 915 2240 quod
942 2179 977 2222 se
1003 2157 1179 2223 factumst

140 2245 361 2329 minabantur,
390 2265 549 2330 aegreque
578 2250 656 2311 tunc
686 2250 762 2310 sunt
790 2246 923 2330 retenti,
952 2245 1031 2330 quin
1059 2247 1148 2331 oppi-

140 2334 217 2398 dum
239 2333 465 2417 irrumperent,
488 2333 692 2417 graviterque
710 2355 782 2397 eam
799 2355 868 2398 rem
885 2333 1040 2418 tulerunt,
1062 2335 1148 2417 quod

140 2421 270 2486 stetisse
292 2441 350 2504 per
371 2419 578 2506 lbebomum,
600 2441 664 2504 quo
687 2421 793 2485 minus
817 2421 935 2506 oppido
957 2421 1149 2506 potirentur,

139 2509 318 2573 videbatur.

206 2596 313 2660 Xllll.
348 2594 395 2661 At
421 2596 533 2662 hostes
561 2596 630 2661 sine
652 2596 714 2660 fide
737 2601 866 2681 tempus
889 2599 986 2679 atque
1009 2595 1176 2662 occasio!

139 2705 215 2749 nem
244 2681 366 2747 fraudis
397 2705 434 2749 ac
463 2684 530 2748 doli
562 2688 720 2767 quaerunt
750 2682 991 2767 interiectisque
1022 2682 1148 2768 aliquot

140 2773 271 2856 diebus,
305 2775 381 2834 nost
368 2771 427 2835 tris
462 2771 693 2856 languentibus
726 2776 822 2854 atque
855 2771 963 2836 animo
993 2771 1147 2857 remissis,

141 2861 250 2926 subito
269 2858 478 2924 meridiam»
464 2863 618 2962 tempore,
641 2881 714 2924 eum
733 2859 814 2924 alius
833 2857 1041 2944 discessisset,
1064 2859 1147 2926 alius

141 2969 179 3013 ex
202 2946 328 3011 diutino
351 2945 519 3010 laborem
539 2947 620 3032 ipsis
644 2947 794 3033 operibus
817 2946 918 3030 quieti
941 2969 975 3012 se
997 2911 1147 3034 dedisset,

141 3057 230 3100 arma
252 3055 329 3100 vero
353 3033 462 3099 omnia
487 3036 631 3119 reposita
658 3037 868 3118 contectaque
895 3039 1015 3120 essent,
1038 3037 1146 3136 portis

142 3125 203 3203 [se]
226 3123 314 3187 foras
338 3126 525 3206 erumpunt,
496 3123 690 3188 tsecundo
713 3143 894 3208 magnoque
916 3127 1013 3188 vento
1035 3121 1145 3208 ignem

142 3211 292 3292 operibus
314 3210 466 3275 inferunt.
511 3209 655 3276 Hunc
630 3233 676 3276 s1c
699 3211 827 3276 distulit
847 3215 977 3296 ventus,
1003 3211 1053 3274 uti
1079 3225 1176 3274 unoe

141 3301 286 3380 tempore
309 3319 418 3400 agger,
440 3297 592 3383 plutei,t
578 3299 717 3384 t,estudo
738 3299 851 3400 turris,
872 3262 1035 3364 tormdnta
1057 3297 1145 3362 flam·

141 3407 228 3450 mam
251 3387 455 3472 conciperent
478 3391 512 3451 et
532 3386 622 3470 prius
644 3387 723 3452 haee
747 3388 855 3452 omnia
872 3389 1146 3471 consumerentur,

142 3493 254 3574 quam,
271 3495 365 3556 quem
388 3475 428 3540 ad
448 3475 579 3539 modum
598 3475 775 3560 accidisset,
797 3475 1005 3540 animadvert
981 3479 1008 3538 ιι
1024 3479 1144 3559 posset.

141 3557 254 3626 Nost'
214 3566 257 3625 ιιι
279 3567 391 3646 repent
391 3585 447 3626 ma
468 3562 534 3627 ιοιι
520 3568 600 3627 tuna
621 3563 760 3648 permoti
778 3584 876 3648 arma,
898 3584 980 3646 quae
997 3566 1176 3648 possunt,
