2758 4114
462 221 528 276 LIB.
547 221 595 276 111.
628 221 705 278 GAP.
723 221 807 278 l-v.
1097 223 1141 288 53

131 369 246 430 vocato
273 365 451 430 sententias
478 365 644 450 exquirere
673 367 787 449 coepit
838 363 909 441 Quo
936 365 973 430 in
995 367 1175 452 consilio,a

131 475 203 518 cum
230 457 358 518 tantum
386 452 548 538 repentini
570 453 706 538 periculi
728 457 859 538 praeter
881 453 1068 539 opinionem
1091 477 1141 522 ac

131 541 263 606 cidisset
286 563 323 606 ac
345 541 412 606 iam
435 541 545 606 omnia
566 539 634 606 fere
654 543 821 626 superiora
838 543 911 606 loca
929 543 1140 608 multitudine

132 633 332 695 armatorum
360 629 522 713 completa
550 629 825 714 conspicerentur,
856 651 961 715 neque
995 630 1140 696 subsidio

131 717 234 782 veniri
254 739 358 802 neque
381 721 578 782 commeatus
603 719 788 803 supportari
810 718 995 784 interclusis
1018 719 1140 784 itineri-

130 806 192 870 bus
219 811 367 891 possent,
394 827 495 901 prope
517 805 583 870 iam
607 805 778 890 desperata
807 807 912 872 salute
942 827 1009 872 non
1030 808 1175 874 nullaee

130 894 226 959 huius
258 895 347 960 modi
378 893 558 958 sententiae
590 893 798 979 dicebantur,
830 897 868 960 ut
899 895 1141 978 impedimentis

131 982 252 1048 relictis
284 981 452 1066 eruptione
483 981 571 1047 facta
600 981 703 1046 isdem
732 982 919 1066 itineribus,
952 983 1069 1068 quibus
1102 1005 1140 1049 eo

131 1071 362 1155 pervenissent,
385 1069 426 1134 ad
448 1070 587 1134 salutem
609 1070 846 1135 contenderent.
890 1070 1009 1136 Maiori
1030 1075 1175 1137 tament

131 1151 228 1244 parti·
241 1159 373 1244 placuit,
395 1158 458 1224 hoc
479 1162 644 1223 reservato
668 1158 709 1222 ad
731 1163 911 1223 extremum
934 1160 1070 1225 consilio
1093 1159 1142 1224 in-

131 1247 227 1312 terim
250 1249 299 1311 rei
322 1249 473 1312 eventum
496 1245 635 1330 experiri
658 1251 691 1310 et
714 1251 820 1311 castra
843 1246 1021 1314 defendere.

219 1334 292 1400 IIII.
316 1333 413 1399 Brevi
426 1335 534 1418 spatio
552 1333 731 1415 interiecto,
749 1336 803 1399 vix
820 1339 858 1398 ut
875 1335 916 1398 iis
935 1336 1041 1419 rebus,
1060 1357 1140 1420 quas
1160 1351 1175 1400 1

132 1424 387 1506 constituissent,
401 1422 598 1488 collocandis
613 1427 709 1508 atque
728 1422 992 1488 administrandis
1011 1429 1141 1508 tempus

132 1511 276 1594 daretur,
303 1511 413 1576 hostes
441 1531 480 1575 ex
506 1510 656 1574 omnibus
683 1511 832 1596 partibus
860 1511 955 1596 signo
984 1511 1061 1576 dato
1091 1513 1142 1576 de-

132 1621 269 1683 currere,
291 1599 416 1684 lapides
440 1618 601 1683 gaesaque
623 1600 658 1662 in
681 1599 803 1663 vallum
826 1599 979 1664 conicere.
1025 1599 1141 1664 Nostri
1161 1617 1176 1664 a

132 1687 238 1772 primo
261 1686 398 1772 integris
421 1685 545 1750 viribus
567 1686 698 1752 fortiter
716 1707 897 1772 repugnare
915 1709 1020 1772 neque
1038 1689 1142 1752 ullum

132 1775 255 1840 frustra
280 1777 383 1840 telum
409 1796 448 1838 ex
474 1775 545 1838 loco
574 1775 738 1858 superiore
761 1777 904 1859 mittere,
932 1779 970 1840 ut
998 1797 1142 1861 quaeque

133 1885 209 1947 pers
236 1867 417 1928 castrorum
442 1861 565 1926 nudata
588 1861 811 1928 defensoribus
834 1863 940 1948 premi
963 1863 1142 1943 videbatur,

134 1973 171 2017 eo
196 1972 361 2016 occurrere
385 1955 417 2014 et
436 1949 591 2014 auxilium
609 1949 703 2034 ferre,
726 1952 782 2016 sed
800 1951 862 2016 hoo
882 1951 1037 2036 superari,
1057 1952 1176 2036 quode

134 2040 346 2104 diuturnitate
369 2059 498 2124 pugnae
520 2038 632 2102 hostes
657 2038 774 2104 defessi
792 2039 916 2124 proelio
937 2040 1142 2125 excedebant,

133 2128 191 2193 alii
221 2127 359 2213 integris
391 2127 514 2192 viribus
548 2126 776 2210 succedebant3
812 2149 949 2212 quarum
981 2149 1090 2192 rerum
1123 2144 1177 2194 at

133 2216 254 2281 nostris
276 2219 410 2300 propter
431 2215 631 2300 paucitatem
653 2215 723 2278 fieri
745 2215 827 2280 nihil
850 2221 993 2301 poterat,
1016 2239 1054 2282 ac
1076 2237 1142 2282 non

133 2304 229 2369 modo
253 2303 378 2369 defesso
402 2325 441 2368 ex
463 2323 574 2388 pugna
595 2303 776 2386 excedendi,
799 2304 855 2368 sed
876 2326 918 2369 ne
941 2305 1050 2370 saucio
1075 2306 1142 2390 qui·

134 2393 206 2458 dem
230 2392 298 2458 eius
321 2393 393 2476 loci,
416 2391 472 2456 ubi
491 2391 693 2475 constiterat,
714 2392 917 2476 relinquendi
935 2415 972 2458 ae
991 2395 1042 2458 sui
1066 2395 1143 2458 reci-

133 2481 242 2566 piendi
264 2480 402 2546 facultas
426 2479 574 2544 dabatur.

154 2651 156 2654 .
222 2569 262 2634 V.
294 2567 376 2635 (lum
398 2570 463 2632 iam
487 2567 627 2652 amplius
654 2568 745 2634 horis
773 2590 828 2632 sex
855 2569 1058 2633 continenter
1085 2584 1176 2652 pul

133 2661 289 2743 gnarctur
313 2679 350 2722 ac
371 2678 437 2721 non
460 2656 565 2721 solum
589 2655 687 2740 vires,
715 2656 771 2720 sed
795 2657 893 2720 etiam
920 2657 989 2720 tela
1010 2661 1142 2722 nostroe

134 2748 313 2827 deficerent,
333 2748 430 2828 atque
448 2743 560 2808 hostes
576 2744 680 2808 acrius
694 2743 855 2808 instarent
869 2744 1140 2829 languidioribus

134 2856 194 2919 que
222 2833 343 2898 nostris
371 2833 493 2896 vallum
521 2831 664 2896 scindere
693 2834 725 2895 et
751 2831 857 2896 fossas
886 2834 1047 2917 complere
1075 2853 1143 2897 coe-

133 2923 266 3008 pissent,
284 2942 400 3006 resque
414 2923 500 2984 esset
516 2919 583 2983 iam
602 2919 642 2983 ad
661 2922 840 2983 extremum
854 2920 1009 3004 perducta
1024 2941 1143 3000 casum,

132 3009 267 3075 Publius
300 3006 427 3073 Sextius
460 3007 613 3090 Baculus,
645 3007 742 3090 primi
770 3007 829 3092 pili
857 3008 1015 3091 centurio,
1048 3024 1178 3092 quema

133 3097 273 3162 Nervico
308 3097 433 3181 proelio
470 3095 690 3180 compluribus
733 3095 915 3160 confectum
955 3095 1143 3160 vulneribus

134 3185 287 3268 diximus,
310 3184 443 3248 etitem
467 3181 567 3247 Gaius
591 3182 787 3266 Volusenus,
814 3183 964 3248 tribunus
992 3184 1143 3267 militum,

133 3271 183 3340 vir
206 3279 239 3338 et
261 3271 388 3339 consilii
406 3273 517 3354 magni
537 3274 569 3334 et
588 3271 729 3354 virtutis,
752 3271 793 3334 ad
812 3269 952 3336 Galbam
972 3276 1144 3336 accurrunt

134 3368 231 3450 atque
258 3383 357 3426 unam
385 3380 455 3424 esse
483 3380 575 3442 spem
605 3359 719 3424 salutis
751 3360 881 3442 docent,
914 3361 942 3423 si
974 3360 1143 3444 eruptione

133 3452 221 3518 facta
251 3455 428 3514 extremum
460 3447 615 3512 auxilium
646 3446 876 3532 experirentur.
927 3446 1041 3532 Itaque
1071 3465 1177 3514 con-e

133 3538 258 3605 vocatis
285 3535 526 3602 centurionibus
554 3535 703 3601 celeriter
732 3535 853 3599 milites
877 3535 1029 3600 certiores
1053 3535 1142 3613 facit,
