2758 4114
261 217 282 282 6
632 218 902 276 ennarommcr

260 361 353 444 vetii,
376 383 415 427 ea
438 385 496 447 spe
519 362 648 448 deiecti,
670 363 808 429 navibus
831 363 949 429 iunctis
972 363 1163 448 ratibusque
1186 383 1267 428 com·

259 449 408 534 pluribus
426 450 541 534 factis,
568 445 625 516 alii
648 451 739 515 vadis
762 449 925 534 Rhodani,
952 474 1017 536 qua
1038 451 1173 534 minima
1196 451 1269 515 alti·

259 538 338 602 tudo
366 537 509 603 fluminis
538 542 622 622 erat,
652 560 719 604 non
746 561 924 622 numquam
952 539 1107 622 interdiu,
1139 539 1268 624 saepius

175 642 176 648 ’
259 626 414 708 noctupsi
432 647 640 710 perrumpere
658 630 802 712 possent,
821 627 943 709 eonati,
962 627 1070 712 operis
1089 627 1268 692 munitione

259 717 291 778 et
318 713 460 778 militum
487 715 645 779 concursu
672 718 705 778 et
732 715 807 780 telis
831 715 953 800 repulsi
981 715 1044 781 hoe
1070 719 1188 781 conatu
1214 714 1268 778 de-

257 803 420 874 stiterunt.

225 905 238 952 1
317 873 453 956 ''VsslL
484 889 744 975 Relinquebatur
765 911 831 955 una
853 912 911 974 per
929 887 1096 974 Sequanos
1119 890 1180 973 via,
1204 911 1269 974 qua
1358 937 1359 942 η

258 974 416 1078 Sequania
443 977 556 1043 invitis
583 981 717 1062 propter
744 979 914 1064 angustias
941 977 989 1043 ire
1016 999 1081 1044 non
1108 981 1268 1062 poterant.

223 1064 320 1129 aHrs
343 1087 417 1130 cum
444 1087 503 1131 sua
527 1070 642 1149 sponte
665 1065 858 1150 persuadere
881 1087 948 1131 non
970 1069 1118 1151 possent,
1141 1065 1268 1150 legatos

259 1153 300 1238 ad
321 1152 558 1237 Dumnorigem
581 1153 731 1218 Aeduum
758 1155 908 1235 mittunt,
934 1157 972 1218 ut
1000 1175 1037 1218 eo
1061 1153 1157 1238 depre
1197 1157 1268 1218 tore

156 1301 158 1306 .
223 1248 278 1305 ea
306 1238 463 1324 Sequanis
491 1242 713 1326 impetrarent.
748 1240 945 1307 -Dumnorix
972 1241 1081 1327 gratia
1107 1245 1141 1305 et
1182 1242 1268 1328 argi-

258 1329 346 1394 tione
374 1329 460 1413 apud
487 1327 654 1413 Sequanos
682 1329 859 1414 plurimum
888 1333 1019 1414 poterat
1046 1332 1083 1394 et'
1106 1327 1268 1394 Helvetiis

259 1421 329 1481 erat
347 1416 478 1500 amicus,
501 1417 588 1502 quod
611 1439 711 1482 exea
734 1418 867 1482 civitate
886 1417 1090 1503 Orgetorigis
1108 1417 1210 1482 filiam
1233 1419 1269 1482 in

257 1505 502 1570 matrimonium
532 1505 681 1588 duxerat,
714 1508 748 1569 et
782 1505 959 1590 cupiditate
989 1505 1081 1592 regni
1111 1505 1267 1570 adductus

256 1593 351 1658 novis
374 1595 471 1658 rebus
495 1593 647 1658 studebat
669 1597 703 1657 et
730 1593 1012 1678 quamplurimas
1035 1593 1184 1658 civitates
1208 1615 1267 1658 suo

223 1681 413 1746 ebenefioio
436 1681 556 1746 habere
580 1681 755 1746 obstrictas
783 1682 922 1746 volebat.
967 1679 1082 1764 Itaque
1108 1703 1177 1746 rem
1200 1703 1267 1752 suse

258 1769 337 1854 cipit
365 1773 398 1833 et
426 1792 445 1834 a
468 1766 625 1853 Sequanis
651 1769 819 1854 impetrat,
842 1773 879 1834 ut
901 1791 959 1854 per
982 1770 1061 1833 fines
1090 1790 1165 1833 euos
1189 1767 1266 1833 Hel·
1318 1773 1320 1778 '
1358 1791 1359 1822 r

257 1857 362 1922 retius
390 1857 437 1921 ire
464 1857 644 1942 patiantur,
672 1856 869 1941 obsidesque
892 1857 942 1921 uti
970 1857 1055 1921 inter
1083 1878 1153 1922 sese
1182 1857 1267 1942 dent,

257 1945 396 2030 perficit:
419 1943 569 2028 Sequani,
587 1966 627 2009 ne
645 1945 761 2008 itinere
781 1945 948 2009 Helvetios
967 1944 1171 2030 prohibeant,
1189 1945 1265 2009 Hel·
1358 1963 1359 2008 z

257 2033 346 2116 vetii,
368 2036 405 2096 ut
429 2033 497 2097 sine
521 2032 680 2098 maleficio
704 2036 737 2096 et
760 2033 878 2118 iniuria
900 2037 1077 2096 transeant.

224 2137 237 2184 1
346 2120 385 2184 X.
418 2119 550 2186 Caesari
572 2117 790 2203 renuntiatur,
817 2119 977 2186 Helvetiis
1001 2142 1071 2186 esse
1094 2121 1128 2185 in
1157 2121 1265 2186 animo

182 2245 183 2248 κ
257 2229 315 2292 per
334 2229 449 2293 agrum
464 2206 687 2292 Sequanorum
705 2214 738 2272 et
752 2209 938 2272 Aeduorum
956 2209 1019 2272 iter
1037 2209 1069 2272 in
1086 2207 1266 2274 Santonum

257 2296 338 2360 fines
360 2295 480 2380 faeere,
505 2297 563 2382 ¹qui
585 2317 652 2362 non
674 2297 772 2382 longe
796 2319 815 2361 a
837 2295 1042 2362 Tolosatium
1069 2297 1188 2362 finibus
1212 2299 1266 2362 ab·

223 2387 348 2467 asunt,
378 2407 459 2468 quae
483 2385 597 2450 civitae
620 2385 728 2448 estin
754 2385 929 2470 provincia.
974 2383 1012 2448 Id
1035 2384 1064 2449 si
1086 2385 1191 2469 fieret,
1206 2385 1267 2465 ,in-

256 2472 448 2558 tellegebat,
477 2494 596 2556 magno
627 2493 700 2536 eum
730 2473 873 2557 periculo
900 2472 1084 2556 provinciae
1111 2473 1266 2552 futurum,

140 2613 141 2616 ,
225 2613 228 2630 .
256 2564 294 2626 ut
316 2560 464 2625 homines
487 2561 674 2643 bellicosos,
697 2561 810 2643 populi
831 2559 971 2625 Romani
993 2559 1156 2644 inimicos,
1185 2562 1265 2626 locis

256 2647 444 2730 patentibus
472 2649 674 2732 maximeque
697 2647 918 2714 frumenteriis
943 2647 1100 2713 finitimos
1123 2649 1265 2715 haberet.

222 2753 237 2801 ³
257 2734 308 2800 Ob
323 2758 377 2801 eas
396 2758 510 2801 causas
529 2737 559 2800 ei
573 2736 755 2821 munitioni,
773 2758 871 2819 quam
889 2735 1018 2818 fecerat,
1037 2735 1264 2802 T.‘Labienum

257 2825 402 2910 legatum
429 2823 598 2909 praefecit3
626 2825 696 2908 ipse
723 2824 758 2888 in
780 2823 911 2888 Italiam
938 2824 1066 2908 magnis
1093 2823 1264 2888 itineribus

257 2913 424 2978 contendit
442 2913 585 2995 duasque
603 2911 650 2976 ibi
669 2911 815 2997 legiones
835 2911 1010 2976 conscribit
1028 2915 1061 2976 et
1080 2915 1160 2995 tres,
1181 2934 1264 2997 quae
1352 2937 1359 2966 τ

257 2999 377 3065 circum
404 3000 590 3084 Aquileiam
618 2999 820 3084 hiemabant,
850 3022 888 3064 ex
915 2999 1060 3064 hibernis
1088 2999 1195 3066 educit
1222 3005 1264 3084 et,
1358 2997 1359 3056 l

258 3109 322 3171 qua
343 3088 527 3172 proximum
553 3088 617 3151 iter
639 3087 674 3150 in
701 3088 888 3152 ulteriorem
913 3086 1054 3152 Galliam
1081 3109 1139 3172 per
1162 3089 1264 3174 Alpes
1358 3091 1359 3154 ζ

221 3180 339 3257 4erat,
367 3175 514 3241 cumbis
543 3175 683 3258 quinque
711 3175 894 3260 legionibus
922 3176 969 3239 ire
993 3177 1171 3242 contendit
1213 3176 1264 3241 Ibi
1312 3217 1314 3222 .

150 3269 169 3290 '³
258 3261 436 3328 Ceutrones
459 3268 499 3326 et*
512 3262 672 3327 Graioceli
695 3266 728 3326 et
747 3253 918 3348 Caturiges
942 3263 1023 3328 locis
1043 3264 1263 3349 superioribus

222 3369 236 3418 ⁵
257 3351 421 3434 occupatis
439 3350 554 3414 itinere
574 3350 751 3451 exercitum
767 3351 939 3451 prohibere
957 3357 1125 3418 conantur.
1171 3351 1263 3418 Com-
1358 3363 1359 3424 ἶ

256 3439 403 3523 pluribus
426 3437 478 3502 his
505 3437 641 3522 proeliis
666 3439 770 3522 pulsrs
794 3439 835 3502 ab
860 3437 971 3522 Ocelo,
1000 3440 1085 3522 quod
1114 3444 1164 3505 est
1186 3442 1262 3506 eite-

255 3525 351 3592 rioris
374 3525 558 3611 provinciae
582 3531 769 3608 extremum,
794 3527 830 3589 in
851 3525 931 3589 fines
953 3525 1189 3622 Vocontiorum
1213 3528 1262 3592 ul-
