2746 4120
303 212 417 268 COMM.
435 213 480 268 111.
514 212 590 267 CAP.
610 211 921 266 XXXVI-XXXVIIII.
1072 213 1115 275 93

110 359 162 443 qui
185 378 304 444 magna
328 355 568 440 exspectatione
595 355 750 439 venisset,
777 359 896 418 temere
923 375 1114 439 progressus

108 453 235 530 turpem
257 445 374 509 habuit
392 443 514 508 exitum
532 447 566 508 et
582 448 683 508 noctu
696 464 736 506 ne
757 443 966 507 conclamatis
986 443 1115 526 quidem

109 535 192 599 vasis
215 534 336 597 flumen
357 532 477 596 transit
500 536 597 615 atque
618 531 654 594 in
676 531 809 594 eandem
826 535 967 615 partem,
989 552 1029 594 ex
1051 553 1115 614 qua

108 626 251 706 venerat,
279 620 364 684 redit
385 619 494 703 ibique
516 640 616 704 prope
642 619 762 682 flumen
789 619 875 683 edito
902 622 1020 684 natura
1041 618 1113 683 loco

107 714 214 775 castra
230 708 348 794 posuit.
376 707 492 772 Paucis
512 706 623 771 diebus
641 706 844 792 interpositis
862 711 963 772 noctu
979 706 1144 771 insidiasc

107 797 253 882 equitum
276 795 461 880 collocavit,
484 816 547 878 quo
570 795 605 858 in
627 794 699 859 loco
723 794 943 879 superioribus
965 795 1033 859 fere
1051 795 1115 858 die·

109 887 167 950 bus
190 884 296 948 nostri
317 883 465 968 pabulari
485 887 692 968 consuerant3
715 887 747 946 et
768 905 842 947 cum
861 882 1024 948 cotidiana
1042 904 1116 948 con-

108 972 275 1037 suetudine
302 969 337 1046 Q.
355 970 477 1055 Varus,
502 971 684 1055 praefectus
713 970 858 1054 equitum
883 969 1036 1056 Domitii,
1063 993 1116 1034 ve-

107 1061 223 1145 nisset,
246 1059 354 1124 subito
372 1059 421 1122 illi
435 1080 474 1122 ex
486 1058 612 1122 insidiis
627 1062 903 1124 consmrexerrmt
933 1057 996 1124 Sed
1008 1058 1144 1124 nostris

107 1148 236 1212 fortiter
261 1147 419 1231 impetum
442 1167 554 1210 eorum
576 1146 721 1211 tulerunt
743 1146 952 1231 celeriterque
975 1141 1016 1212 ad
1037 1167 1115 1211 suos

108 1236 242 1319 quisque
267 1235 394 1299 ordines
421 1233 517 1298 rediit
544 1238 640 1318 atque
666 1234 754 1298 ultro
777 1234 919 1300 universi
945 1235 981 1299 in
1002 1234 1114 1299 hostes

107 1324 264 1407 impeturn
281 1323 436 1387 fecenmt.
459 1322 510 1387 Ex
528 1321 579 1386 bis
599 1322 727 1387 circiter
741 1321 909 1408 octoginta
925 1322 1114 1405 interfectis,
1130 1338 1144 1386 ⁷

107 1410 240 1494 reliquis
266 1411 302 1474 in
322 1410 436 1496 fugam
459 1409 613 1475 coniectis
640 1411 766 1475 duobus
794 1410 922 1474 amissis
949 1411 985 1474 in
1007 1415 1115 1475 castra

109 1521 144 1563 se
167 1503 364 1650 XXXIIXIIm
381 1585 443 1650 His
461 1586 558 1650 rebus
582 1586 682 1671 gestis
700 1585 865 1650 Domitius
884 1606 1026 1670 sperans,
1048 1583 1143 1650 Sci-1

109 1675 236 1762 pionem
250 1675 291 1739 ad
304 1695 448 1759 pugnam
463 1673 536 1738 elici
549 1695 658 1759 posse,
676 1674 851 1757 simulavit,
869 1695 939 1738 sese
954 1673 1114 1757 angustiis

108 1764 153 1829 rei
183 1762 413 1827 frumentariae
446 1761 619 1826 adductum
652 1766 757 1826 castra
788 1782 931 1844 movere,
964 1761 1113 1844 vasisque

109 1851 241 1914 militari
268 1871 357 1914 more
384 1849 594 1914 conclamatis
621 1870 811 1934 progressus
841 1848 932 1912 milia
959 1870 1114 1932 passuum

108 1955 148 2000 111
165 1937 238 2002 loco
256 1937 371 2001 idoneo
390 1941 424 2002 et
437 1937 564 2002 occulto
583 1957 711 2001 omnem
729 1937 903 2002 exercitum
922 1935 1115 2020 equitatum·

108 2045 170 2107 que
189 2023 367 2089 collocavit.
385 2022 509 2109 ¹Scipio
529 2025 569 2088 ad
593 2025 789 2108 sequendum
811 2029 943 2109 paratus
967 2023 1143 2108 equituma

108 2115 350 2196 magnam[que]
373 2117 498 2197 partem
522 2113 563 2176 ad
585 2113 815 2197 explorandum
837 2112 900 2177 iter
920 2112 1058 2177 Domitii
1081 2117 1115 2176 et

17 2209 19 2214 ’
107 2200 367 2285 cognoscendum
392 2200 569 2284 praemisit.
615 2200 678 2275 Qui
705 2223 778 2266 cum
805 2205 914 2265 essent
940 2201 1143 2287 progressis

106 2288 292 2373 primaeque
305 2293 431 2352 turmae
445 2288 579 2353 insidias
592 2289 811 2374 intravissent,
825 2311 864 2352 ex
876 2289 1009 2354 fremitu
1018 2310 1114 2372 equo-

106 2397 180 2439 rum
201 2376 293 2440 illata
319 2376 502 2461 suspicione
530 2377 570 2440 ad
597 2397 674 2440 suos
701 2399 734 2441 se
761 2377 902 2462 recipere
930 2381 1114 2461 coepenmt,

108 2463 226 2547 quique
246 2464 306 2528 bos
325 2465 550 2548 sequebantur,
573 2463 709 2528 celerem
727 2486 839 2530 eorum
857 2467 1022 2548 receptum
1041 2484 1114 2528 con-

107 2551 224 2635 spicati
246 2551 443 2616 restiterunt.
482 2551 598 2617 Nostri
621 2552 761 2638 cognitis
786 2552 955 2633 [hostium]
978 2551 1144 2636 insidiis,4

106 2661 147 2704 ne
175 2638 296 2702 frustra
322 2639 462 2722 reliquos
490 2645 728 2726 exspectarent,
759 2639 838 2706 duas
869 2639 958 2705 nacti
988 2643 1113 2704 turmas

106 2730 314 2811 exceperunt,
340 2749 473 2807 qaorum
496 2732 644 2812 perpauci
667 2731 746 2812 sapa
772 2731 902 2793 salebra
927 2729 987 2793 sibi
1012 2749 1114 2811 reppe-

106 2821 214 2880 rerunt
240 2812 290 2901 (in
316 2813 369 2878 his
396 2814 460 2880 fuit
485 2815 528 2881 M.
547 2818 695 2903 Opimius
727 2816 909 2903 praefectus
940 2813 1114 2903 equitum);

106 2903 248 2986 reliquos
272 2923 384 2966 omnes
403 2923 513 2969 earum
535 2909 714 2970 turmarum
733 2909 790 2970 aut
807 2904 1038 2970 interfecerunt
1057 2909 1114 2969 aut

108 2996 221 3076 captos
246 2991 286 3054 ad
308 2990 491 3055 Domitium
514 2993 719 3058 deduxerrmt.

173 3077 374 3143 XXXVIIII.
400 3077 554 3144 Deductis
570 3102 643 3145 orae
658 3081 839 3146 maritimae
853 3080 1021 3166 praesidiis
1037 3077 1142 3146 Cae-1

108 3187 170 3250 sar,
200 3171 238 3230 ut
269 3189 367 3251 supra
398 3167 653 3232 demonstratum
685 3173 748 3255 est,
780 3188 818 3234 111
845 3169 994 3234 cohortes
1026 3167 1113 3234 Orici

108 3253 218 3337 oppidi
231 3256 342 3319 tuendi
356 3277 454 3320 causa
467 3255 598 3338 reliquit
609 3257 774 3342 isdemque
789 3259 969 3322 custodiam
981 3257 1113 3322 navium

106 3341 278 3426 longarum
308 3343 457 3426 tradidit,
488 3363 567 3426 quas
599 3366 650 3410 cx,
664 3345 761 3409 Italia
787 3346 982 3410 traduxerat.
1027 3343 1112 3408 Huic

107 3429 217 3493 officio
241 3431 421 3515 oppidoque
444 3429 572 3496 Manius
595 3433 718 3497 Acilius
740 3432 867 3519 legatus
891 3434 1046 3518 praeerat
1078 3430 1142 3495 Iss

105 3539 205 3583 naves
228 3522 356 3582 nostras
379 3519 566 3584 interiorem
589 3521 623 3583 in
642 3525 773 3606 portum
795 3526 871 3607 post
889 3519 1042 3606 oppidum
1065 3539 1112 3582 re
