<?xml version="1.0" encoding="UTF-8"?>
<!DOCTYPE html PUBLIC "-//W3C//DTD XHTML 1.0 Transitional//EN"
    "http://www.w3.org/TR/xhtml1/DTD/xhtml1-transitional.dtd">
<html xmlns="http://www.w3.org/1999/xhtml" xml:lang="en" lang="en">
 <head>
  <title>
</title>
<meta http-equiv="Content-Type" content="text/html;charset=utf-8" />
  <meta name='ocr-system' content='tesseract 3.04.00' />
  <meta name='ocr-capabilities' content='ocr_page ocr_carea ocr_par ocr_line ocrx_word'/>
</head>
<body>
  <div class='ocr_page' id='page_1' title='image "./catilinaiugurth02sallgoog_0027.png"; bbox 0 0 2718 4124; ppageno 0'>
   <div class='ocr_carea' id='block_1_1' title="bbox 249 163 988 222">
    <p class='ocr_par' dir='ltr' id='par_1_1' title="bbox 249 163 988 222">
     <span class='ocr_line' id='line_1_1' title="bbox 249 163 988 222; baseline 0.001 -3"><span class='ocrx_word' id='word_1_1' title='bbox 249 165 301 219; x_wconf 86' lang='lat' dir='ltr'>XX</span> <span class='ocrx_word' id='word_1_2' title='bbox 532 166 580 219; x_wconf 81' lang='lat' dir='ltr'>Du</span> <span class='ocrx_word' id='word_1_3' title='bbox 599 167 629 222; x_wconf 81' lang='lat' dir='ltr'>G.</span> <span class='ocrx_word' id='word_1_4' title='bbox 648 163 843 220; x_wconf 80' lang='lat' dir='ltr'>SALLUSTIO</span> <span class='ocrx_word' id='word_1_5' title='bbox 862 163 988 220; x_wconf 68' lang='lat' dir='ltr'>caupo</span> 
     </span>
    </p>
   </div>
   <div class='ocr_carea' id='block_1_2' title="bbox 248 313 1264 481">
    <p class='ocr_par' dir='ltr' id='par_1_2' title="bbox 248 313 1264 481">
     <span class='ocr_line' id='line_1_2' title="bbox 249 313 1264 391; baseline 0.005 -19"><span class='ocrx_word' id='word_1_6' title='bbox 249 332 317 372; x_wconf 86' lang='lat' dir='ltr'>cum</span> <span class='ocrx_word' id='word_1_7' title='bbox 335 315 515 391; x_wconf 84' lang='lat' dir='ltr'>praesertim</span> <span class='ocrx_word' id='word_1_8' title='bbox 536 315 633 375; x_wconf 87' lang='lat' dir='ltr'>lector</span> <span class='ocrx_word' id='word_1_9' title='bbox 650 333 711 374; x_wconf 90' lang='lat' dir='ltr'>non</span> <span class='ocrx_word' id='word_1_10' title='bbox 732 315 796 374; x_wconf 82' lang='lat' dir='ltr'>lere</span> <span class='ocrx_word' id='word_1_11' title='bbox 819 313 941 374; x_wconf 89' lang='lat' dir='ltr'>sitnisi</span> <span class='ocrx_word' id='word_1_12' title='bbox 963 313 1111 391; x_wconf 84' lang='lat' dir='ltr'>eruditus,</span> <span class='ocrx_word' id='word_1_13' title='bbox 1133 315 1264 377; x_wconf 89' lang='lat' dir='ltr'>iudicem</span> 
     </span>
     <span class='ocr_line' id='line_1_3' title="bbox 248 403 950 481; baseline 0 -20"><span class='ocrx_word' id='word_1_14' title='bbox 248 421 321 461; x_wconf 88' lang='lat' dir='ltr'>rura</span> <span class='ocrx_word' id='word_1_15' title='bbox 342 403 521 481; x_wconf 86' lang='lat' dir='ltr'>plerumque</span> <span class='ocrx_word' id='word_1_16' title='bbox 545 403 577 462; x_wconf 93' lang='lat' dir='ltr'>in</span> <span class='ocrx_word' id='word_1_17' title='bbox 600 403 736 463; x_wconf 83' lang='lat' dir='ltr'>decurias</span> <span class='ocrx_word' id='word_1_18' title='bbox 758 403 905 462; x_wconf 87' lang='lat' dir='ltr'>mittant.</span> <span class='ocrx_word' id='word_1_19' title='bbox 922 449 950 461; x_wconf 94' lang='lat'>..</span> 
     </span>
    </p>
   </div>
   <div class='ocr_carea' id='block_1_3' title="bbox 249 525 1264 868">
    <p class='ocr_par' dir='ltr' id='par_1_3' title="bbox 249 525 1264 868">
     <span class='ocr_line' id='line_1_4' title="bbox 315 525 1264 605; baseline 0.003 -20"><span class='ocrx_word' id='word_1_20' title='bbox 315 526 358 585; x_wconf 82' lang='lat' dir='ltr'>id.</span> <span class='ocrx_word' id='word_1_21' title='bbox 384 525 417 584; x_wconf 90' lang='lat' dir='ltr'>X</span> <span class='ocrx_word' id='word_1_22' title='bbox 436 529 469 594; x_wconf 90' lang='lat'>1,</span> <span class='ocrx_word' id='word_1_23' title='bbox 492 527 550 587; x_wconf 86' lang='lat'>32:</span> <span class='ocrx_word' id='word_1_24' title='bbox 572 527 691 605; x_wconf 87' lang='lat' dir='ltr'>itaque,</span> <span class='ocrx_word' id='word_1_25' title='bbox 719 529 757 586; x_wconf 92' lang='lat' dir='ltr'>ut</span> <span class='ocrx_word' id='word_1_26' title='bbox 778 526 854 602; x_wconf 85' lang='lat' dir='ltr'>dixi,</span> <span class='ocrx_word' id='word_1_27' title='bbox 876 544 974 603; x_wconf 89' lang='lat' dir='ltr'>neque</span> <span class='ocrx_word' id='word_1_28' title='bbox 996 525 1054 584; x_wconf 89' lang='lat' dir='ltr'>illa</span> <span class='ocrx_word' id='word_1_29' title='bbox 1076 525 1264 588; x_wconf 75' lang='lat' dir='ltr'><strong>Sallustiana</strong></span> 
     </span>
     <span class='ocr_line' id='line_1_5' title="bbox 249 613 1263 692; baseline 0.005 -21"><span class='ocrx_word' id='word_1_30' title='bbox 249 613 392 692; x_wconf 75' lang='lat' dir='ltr'>brevitas,</span> <span class='ocrx_word' id='word_1_31' title='bbox 410 632 472 691; x_wconf 88' lang='lat' dir='ltr'>qua</span> <span class='ocrx_word' id='word_1_32' title='bbox 490 614 566 672; x_wconf 91' lang='lat' dir='ltr'>nihil</span> <span class='ocrx_word' id='word_1_33' title='bbox 584 615 666 692; x_wconf 88' lang='lat' dir='ltr'>apud</span> <span class='ocrx_word' id='word_1_34' title='bbox 689 632 777 674; x_wconf 89' lang='lat' dir='ltr'>aures</span> <span class='ocrx_word' id='word_1_35' title='bbox 791 632 903 675; x_wconf 83' lang='lat' dir='ltr'>vacuas</span> <span class='ocrx_word' id='word_1_36' title='bbox 925 617 1018 690; x_wconf 88' lang='lat' dir='ltr'>atque</span> <span class='ocrx_word' id='word_1_37' title='bbox 1038 614 1173 674; x_wconf 89' lang='lat' dir='ltr'>eruditas</span> <span class='ocrx_word' id='word_1_38' title='bbox 1195 623 1263 692; x_wconf 87' lang='lat' dir='ltr'>pot·</span> 
     </span>
     <span class='ocr_line' id='line_1_6' title="bbox 249 701 1262 781; baseline 0.003 -20"><span class='ocrx_word' id='word_1_39' title='bbox 249 705 383 761; x_wconf 87' lang='lat' dir='ltr'>estesse</span> <span class='ocrx_word' id='word_1_40' title='bbox 405 703 579 781; x_wconf 84' lang='lat' dir='ltr'>perfectius,</span> <span class='ocrx_word' id='word_1_41' title='bbox 602 703 684 780; x_wconf 89' lang='lat' dir='ltr'>apud</span> <span class='ocrx_word' id='word_1_42' title='bbox 707 706 887 779; x_wconf 89' lang='lat' dir='ltr'>occupatum</span> <span class='ocrx_word' id='word_1_43' title='bbox 909 701 1002 763; x_wconf 81' lang='lat' dir='ltr'>variis</span> <span class='ocrx_word' id='word_1_44' title='bbox 1026 703 1262 779; x_wconf 73' lang='lat' dir='ltr'>cogitationibus</span> 
     </span>
     <span class='ocr_line' id='line_1_7' title="bbox 249 789 1217 868; baseline 0.002 -20"><span class='ocrx_word' id='word_1_45' title='bbox 249 789 379 849; x_wconf 89' lang='lat' dir='ltr'>iudicem</span> <span class='ocrx_word' id='word_1_46' title='bbox 402 794 433 849; x_wconf 90' lang='lat' dir='ltr'>et</span> <span class='ocrx_word' id='word_1_47' title='bbox 456 791 576 868; x_wconf 86' lang='lat' dir='ltr'>saepius</span> <span class='ocrx_word' id='word_1_48' title='bbox 600 791 786 850; x_wconf 90' lang='lat' dir='ltr'>ineruditum</span> <span class='ocrx_word' id='word_1_49' title='bbox 808 790 958 866; x_wconf 84' lang='lat' dir='ltr'>captanda</span> <span class='ocrx_word' id='word_1_50' title='bbox 980 789 1067 850; x_wconf 88' lang='lat' dir='ltr'>nobis</span> <span class='ocrx_word' id='word_1_51' title='bbox 1091 794 1217 852; x_wconf 88' lang='lat' dir='ltr'>est...</span> 
     </span>
    </p>
   </div>
   <div class='ocr_carea' id='block_1_4' title="bbox 248 913 1260 1061">
    <p class='ocr_par' dir='ltr' id='par_1_4' title="bbox 248 913 1260 1061">
     <span class='ocr_line' id='line_1_8' title="bbox 267 913 1260 1061; baseline -0.002 -85"><span class='ocrx_word' id='word_1_52' title='bbox 267 914 359 1061; x_wconf 50' lang='lat' dir='ltr'>mid.</span> <span class='ocrx_word' id='word_1_53' title='bbox 384 913 417 973; x_wconf 88' lang='lat' dir='ltr'>X</span> <span class='ocrx_word' id='word_1_54' title='bbox 437 917 470 981; x_wconf 87' lang='lat'>1,</span> <span class='ocrx_word' id='word_1_55' title='bbox 493 915 555 974; x_wconf 81' lang='lat'>102</span> <span class='ocrx_word' id='word_1_56' title='bbox 577 913 681 973; x_wconf 63' lang='lat' dir='ltr'>laudm</span> <span class='ocrx_word' id='word_1_57' title='bbox 705 914 789 973; x_wconf 88' lang='lat' dir='ltr'>illam</span> <span class='ocrx_word' id='word_1_58' title='bbox 813 913 1006 973; x_wconf 70' lang='lat' dir='ltr'>inmortalem</span> <span class='ocrx_word' id='word_1_59' title='bbox 1029 913 1156 973; x_wconf 78' lang='lat' dir='ltr'>Sallusti</span> <span class='ocrx_word' id='word_1_60' title='bbox 1179 917 1260 976; x_wconf 84' lang='lat' dir='ltr'>velo-</span> 
     </span>
     <span class='ocr_line' id='line_1_9' title="bbox 248 1017 380 1061; baseline 0 -1"><span class='ocrx_word' id='word_1_61' title='bbox 248 1017 277 1060; x_wconf 84' lang='lat' dir='ltr'>cr</span> <span class='ocrx_word' id='word_1_62' title='bbox 325 1020 380 1061; x_wconf 91' lang='lat' dir='ltr'>em.</span> 
     </span>
    </p>
   </div>
   <div class='ocr_carea' id='block_1_5' title="bbox 313 1125 1256 1200">
    <p class='ocr_par' dir='ltr' id='par_1_5' title="bbox 313 1125 1256 1200">
     <span class='ocr_line' id='line_1_10' title="bbox 313 1125 1256 1200; baseline 0.001 -17"><span class='ocrx_word' id='word_1_63' title='bbox 313 1125 400 1185; x_wconf 78' lang='lat' dir='ltr'>stat.</span> <span class='ocrx_word' id='word_1_64' title='bbox 422 1125 485 1185; x_wconf 81' lang='lat' dir='ltr'>silc.</span> <span class='ocrx_word' id='word_1_65' title='bbox 508 1125 564 1184; x_wconf 87' lang='lat' dir='ltr'>IV</span> <span class='ocrx_word' id='word_1_66' title='bbox 583 1127 616 1192; x_wconf 81' lang='lat'>7,</span> <span class='ocrx_word' id='word_1_67' title='bbox 644 1125 684 1183; x_wconf 99' lang='grc'>55</span> <span class='ocrx_word' id='word_1_68' title='bbox 712 1125 840 1184; x_wconf 84' lang='lat' dir='ltr'>Sallusti</span> <span class='ocrx_word' id='word_1_69' title='bbox 867 1125 967 1186; x_wconf 85' lang='lat' dir='ltr'>brevis</span> <span class='ocrx_word' id='word_1_70' title='bbox 989 1128 1159 1186; x_wconf 68' lang='lat' dir='ltr'>mentones</span> <span class='ocrx_word' id='word_1_71' title='bbox 1180 1128 1256 1200; x_wconf 69' lang='lat' dir='ltr'>facit.</span> 
     </span>
    </p>
   </div>
   <div class='ocr_carea' id='block_1_6' title="bbox 232 1229 1008 1414">
    <p class='ocr_par' dir='ltr' id='par_1_6' title="bbox 232 1229 1008 1414">
     <span class='ocr_line' id='line_1_11' title="bbox 232 1229 899 1323; baseline -0.004 -14"><span class='ocrx_word' id='word_1_72' title='bbox 232 1229 236 1244; x_wconf 91' lang='lat'><em>&#39;</em></span> <span class='ocrx_word' id='word_1_73' title='bbox 314 1245 413 1308; x_wconf 59' lang='lat' dir='ltr'>suos</span> <span class='ocrx_word' id='word_1_74' title='bbox 435 1245 532 1323; x_wconf 71' lang='lat' dir='ltr'>Apou.</span> <span class='ocrx_word' id='word_1_75' title='bbox 556 1265 645 1308; x_wconf 67' lang='lat' dir='ltr'>mm.</span> <span class='ocrx_word' id='word_1_76' title='bbox 667 1251 691 1308; x_wconf 82' lang='lat'><em>2</em></span> <span class='ocrx_word' id='word_1_77' title='bbox 713 1249 801 1320; x_wconf 80' lang='lat'>(22),</span> <span class='ocrx_word' id='word_1_78' title='bbox 824 1250 899 1308; x_wconf 85' lang='lat'><em>190:</em></span> 
     </span>
     <span class='ocr_line' id='line_1_12' title="bbox 496 1334 1008 1414; baseline -0.002 -19"><span class='ocrx_word' id='word_1_79' title='bbox 496 1355 558 1414; x_wconf 90' lang='lat' dir='ltr'>qua</span> <span class='ocrx_word' id='word_1_80' title='bbox 579 1334 703 1414; x_wconf 81' lang='lat' dir='ltr'>crispus</span> <span class='ocrx_word' id='word_1_81' title='bbox 725 1336 876 1397; x_wconf 85' lang='lat' dir='ltr'>brevitate</span> <span class='ocrx_word' id='word_1_82' title='bbox 897 1335 1008 1411; x_wconf 81' lang='lat' dir='ltr'>placet</span> 
     </span>
    </p>
   </div>
   <div class='ocr_carea' id='block_1_7' title="bbox 314 1457 1005 1626">
    <p class='ocr_par' dir='ltr' id='par_1_7' title="bbox 314 1457 1005 1626">
     <span class='ocr_line' id='line_1_13' title="bbox 314 1457 835 1532; baseline -0.004 -13"><span class='ocrx_word' id='word_1_83' title='bbox 314 1460 353 1519; x_wconf 83' lang='lat' dir='ltr'>id.</span> <span class='ocrx_word' id='word_1_84' title='bbox 377 1476 466 1519; x_wconf 71' lang='lat' dir='ltr'>cmm.</span> <span class='ocrx_word' id='word_1_85' title='bbox 489 1460 548 1528; x_wconf 78' lang='lat'>23,</span> <span class='ocrx_word' id='word_1_86' title='bbox 571 1459 631 1517; x_wconf 83' lang='lat'>151</span> <span class='ocrx_word' id='word_1_87' title='bbox 655 1457 721 1531; x_wconf 81' lang='lat'><em>(20,</em></span> <span class='ocrx_word' id='word_1_88' title='bbox 744 1460 835 1532; x_wconf 84' lang='lat'><em>157).-</em></span> 
     </span>
     <span class='ocr_line' id='line_1_14' title="bbox 496 1545 1005 1626; baseline -0.004 -18"><span class='ocrx_word' id='word_1_89' title='bbox 496 1548 550 1626; x_wconf 90' lang='lat' dir='ltr'>qui</span> <span class='ocrx_word' id='word_1_90' title='bbox 571 1547 734 1624; x_wconf 84' lang='lat' dir='ltr'>brevitate,</span> <span class='ocrx_word' id='word_1_91' title='bbox 757 1545 878 1623; x_wconf 82' lang='lat' dir='ltr'>Crispe,</span> <span class='ocrx_word' id='word_1_92' title='bbox 899 1548 1005 1624; x_wconf 87' lang='lat' dir='ltr'>polles.</span> 
     </span>
    </p>
   </div>
   <div class='ocr_carea' id='block_1_8' title="bbox 313 1669 1247 1763">
    <p class='ocr_par' dir='ltr' id='par_1_8' title="bbox 313 1669 1247 1763">
     <span class='ocr_line' id='line_1_15' title="bbox 313 1669 1247 1763; baseline 0.001 -34"><span class='ocrx_word' id='word_1_93' title='bbox 313 1669 403 1746; x_wconf 75' lang='lat' dir='ltr'>Apul.</span> <span class='ocrx_word' id='word_1_94' title='bbox 426 1672 502 1747; x_wconf 78' lang='lat' dir='ltr'>apol.</span> <span class='ocrx_word' id='word_1_95' title='bbox 525 1671 566 1731; x_wconf 82' lang='lat'>95</span> <span class='ocrx_word' id='word_1_96' title='bbox 587 1670 803 1763; x_wconf 81' lang='lat' dir='ltr'>parsimoniam</span> <span class='ocrx_word' id='word_1_97' title='bbox 824 1669 946 1748; x_wconf 72' lang='lat' dir='ltr'>Sallusti</span> <span class='ocrx_word' id='word_1_98' title='bbox 963 1672 1125 1745; x_wconf 75' lang='lat' dir='ltr'>praedicat.</span> <span class='ocrx_word' id='word_1_99' title='bbox 1246 1725 1247 1730; x_wconf 73' lang='grc'><strong><em>,</em></strong></span> 
     </span>
    </p>
   </div>
   <div class='ocr_carea' id='block_1_9' title="bbox 247 1791 1259 1957">
    <p class='ocr_par' dir='ltr' id='par_1_9' title="bbox 247 1791 1259 1957">
     <span class='ocr_line' id='line_1_16' title="bbox 314 1791 1259 1862; baseline 0.001 -9"><span class='ocrx_word' id='word_1_100' title='bbox 314 1791 387 1854; x_wconf 77' lang='lat' dir='ltr'>Gall.</span> <span class='ocrx_word' id='word_1_101' title='bbox 410 1794 475 1853; x_wconf 93' lang='grc' dir='ltr'>ΙΙΙ</span> <span class='ocrx_word' id='word_1_102' title='bbox 492 1796 521 1862; x_wconf 98' lang='grc'>1,</span> <span class='ocrx_word' id='word_1_103' title='bbox 545 1793 566 1854; x_wconf 88' lang='grc'><strong><em>6</em></strong></span> <span class='ocrx_word' id='word_1_104' title='bbox 588 1793 769 1853; x_wconf 82' lang='lat' dir='ltr'>Sallustium</span> <span class='ocrx_word' id='word_1_105' title='bbox 795 1794 845 1854; x_wconf 84' lang='lat' dir='ltr'>vel</span> <span class='ocrx_word' id='word_1_106' title='bbox 874 1793 1106 1854; x_wconf 89' lang='lat' dir='ltr'>subtilissimum</span> <span class='ocrx_word' id='word_1_107' title='bbox 1128 1793 1259 1854; x_wconf 82' lang='lat' dir='ltr'>brevita-</span> 
     </span>
     <span class='ocr_line' id='line_1_17' title="bbox 247 1880 990 1957; baseline 0.001 -17"><span class='ocrx_word' id='word_1_108' title='bbox 247 1880 287 1940; x_wconf 89' lang='lat' dir='ltr'>tis</span> <span class='ocrx_word' id='word_1_109' title='bbox 310 1881 457 1942; x_wconf 88' lang='lat' dir='ltr'>artificem</span> <span class='ocrx_word' id='word_1_110' title='bbox 479 1883 657 1957; x_wconf 72' lang='lat' dir='ltr'>appellatum</span> <span class='ocrx_word' id='word_1_111' title='bbox 679 1901 699 1942; x_wconf 84' lang='lat' dir='ltr'>a</span> <span class='ocrx_word' id='word_1_112' title='bbox 722 1882 872 1942; x_wconf 70' lang='lat' dir='ltr'>Favorino</span> <span class='ocrx_word' id='word_1_113' title='bbox 893 1885 990 1956; x_wconf 76' lang='lat' dir='ltr'>refert.</span> 
     </span>
    </p>
   </div>
   <div class='ocr_carea' id='block_1_10' title="bbox 312 2005 624 2078">
    <p class='ocr_par' dir='ltr' id='par_1_10' title="bbox 312 2005 624 2078">
     <span class='ocr_line' id='line_1_18' title="bbox 312 2005 624 2078; baseline 0.003 -16"><span class='ocrx_word' id='word_1_114' title='bbox 312 2005 443 2064; x_wconf 84' lang='lat' dir='ltr'>Moerob.</span> <span class='ocrx_word' id='word_1_115' title='bbox 473 2005 503 2064; x_wconf 88' lang='lat' dir='ltr'><strong><em>V</em></strong></span> <span class='ocrx_word' id='word_1_116' title='bbox 522 2007 550 2073; x_wconf 87' lang='lat'>1,</span> <span class='ocrx_word' id='word_1_117' title='bbox 573 2007 624 2078; x_wconf 75' lang='lat'>⁷³.</span> 
     </span>
    </p>
   </div>
   <div class='ocr_carea' id='block_1_11' title="bbox 248 2084 1094 2187">
    <p class='ocr_par' dir='ltr' id='par_1_11' title="bbox 248 2084 1094 2187">
     <span class='ocr_line' id='line_1_19' title="bbox 248 2084 1094 2187; baseline 0.004 -37"><span class='ocrx_word' id='word_1_118' title='bbox 248 2084 357 2172; x_wconf 83' lang='lat' dir='ltr'>(genus</span> <span class='ocrx_word' id='word_1_119' title='bbox 379 2088 512 2173; x_wconf 91' lang='lat' dir='ltr'>dicendi)</span> <span class='ocrx_word' id='word_1_120' title='bbox 536 2093 681 2154; x_wconf 85' lang='lat' dir='ltr'>brevoin</span> <span class='ocrx_word' id='word_1_121' title='bbox 704 2111 765 2170; x_wconf 89' lang='lat' dir='ltr'>quo</span> <span class='ocrx_word' id='word_1_122' title='bbox 789 2092 954 2187; x_wconf 82' lang='lat' dir='ltr'>Sallustius</span> <span class='ocrx_word' id='word_1_123' title='bbox 977 2096 1094 2172; x_wconf 83' lang='lat' dir='ltr'>regnat.</span> 
     </span>
    </p>
   </div>
   <div class='ocr_carea' id='block_1_12' title="bbox 247 2217 1256 2382">
    <p class='ocr_par' dir='ltr' id='par_1_12' title="bbox 247 2217 1256 2382">
     <span class='ocr_line' id='line_1_20' title="bbox 314 2217 648 2276; baseline 0 0"><span class='ocrx_word' id='word_1_124' title='bbox 314 2217 390 2276; x_wconf 79' lang='lat' dir='ltr'>Tac.</span> <span class='ocrx_word' id='word_1_125' title='bbox 413 2235 483 2276; x_wconf 75' lang='lat' dir='ltr'>anre.</span> <span class='ocrx_word' id='word_1_126' title='bbox 505 2217 570 2276; x_wconf 94' lang='lat' dir='ltr'>III</span> <span class='ocrx_word' id='word_1_127' title='bbox 588 2217 648 2276; x_wconf 89' lang='lat'>30:</span> 
     </span>
     <span class='ocr_line' id='line_1_21' title="bbox 247 2303 1256 2382; baseline 0.001 -21"><span class='ocrx_word' id='word_1_128' title='bbox 247 2350 253 2361; x_wconf 94' lang='lat'><em>.</em></span> <span class='ocrx_word' id='word_1_129' title='bbox 273 2347 281 2364; x_wconf 90' lang='lat'><strong>.</strong></span> <span class='ocrx_word' id='word_1_130' title='bbox 299 2303 331 2365; x_wconf 81' lang='grc'>0.</span> <span class='ocrx_word' id='word_1_131' title='bbox 346 2304 519 2382; x_wconf 86' lang='lat' dir='ltr'>Sallustius,</span> <span class='ocrx_word' id='word_1_132' title='bbox 532 2323 635 2363; x_wconf 89' lang='lat' dir='ltr'>rerum</span> <span class='ocrx_word' id='word_1_133' title='bbox 647 2304 852 2364; x_wconf 87' lang='lat' dir='ltr'>Romanarum</span> <span class='ocrx_word' id='word_1_134' title='bbox 864 2304 1095 2364; x_wconf 88' lang='lat' dir='ltr'>florentissimus</span> <span class='ocrx_word' id='word_1_135' title='bbox 1108 2307 1215 2364; x_wconf 89' lang='lat' dir='ltr'>auctor</span> <span class='ocrx_word' id='word_1_136' title='bbox 1228 2351 1235 2366; x_wconf 82' lang='grc'><strong>.</strong></span> <span class='ocrx_word' id='word_1_137' title='bbox 1250 2351 1256 2362; x_wconf 89' lang='grc'><strong>.</strong></span> 
     </span>
    </p>
   </div>
   <div class='ocr_carea' id='block_1_13' title="bbox 245 2429 1258 2858">
    <p class='ocr_par' dir='ltr' id='par_1_13' title="bbox 245 2429 1258 2858">
     <span class='ocr_line' id='line_1_22' title="bbox 313 2429 617 2494; baseline -0.013 -5"><span class='ocrx_word' id='word_1_138' title='bbox 313 2429 394 2489; x_wconf 78' lang='lat' dir='ltr'>Oros.</span> <span class='ocrx_word' id='word_1_139' title='bbox 422 2429 492 2488; x_wconf 87' lang='lat' dir='ltr'>VII</span> <span class='ocrx_word' id='word_1_140' title='bbox 511 2431 559 2494; x_wconf 84' lang='lat'>10,</span> <span class='ocrx_word' id='word_1_141' title='bbox 583 2430 617 2485; x_wconf 79' lang='grc'>4.·</span> 
     </span>
     <span class='ocr_line' id='line_1_23' title="bbox 245 2515 1257 2594; baseline 0 -18"><span class='ocrx_word' id='word_1_142' title='bbox 245 2517 305 2576; x_wconf 90' lang='lat' dir='ltr'>nisi</span> <span class='ocrx_word' id='word_1_143' title='bbox 326 2515 518 2578; x_wconf 82' lang='lat' dir='ltr'>Cornelius</span> <span class='ocrx_word' id='word_1_144' title='bbox 541 2515 704 2594; x_wconf 81' lang='lat' dir='ltr'>Tacitus,</span> <span class='ocrx_word' id='word_1_145' title='bbox 731 2515 784 2592; x_wconf 90' lang='lat' dir='ltr'>qui</span> <span class='ocrx_word' id='word_1_146' title='bbox 806 2516 884 2575; x_wconf 90' lang='lat' dir='ltr'>hanc</span> <span class='ocrx_word' id='word_1_147' title='bbox 906 2516 1065 2575; x_wconf 87' lang='lat' dir='ltr'>historiam</span> <span class='ocrx_word' id='word_1_148' title='bbox 1088 2516 1257 2593; x_wconf 83' lang='lat' dir='ltr'>diligentis-</span> 
     </span>
     <span class='ocr_line' id='line_1_24' title="bbox 246 2603 1258 2681; baseline 0 -17"><span class='ocrx_word' id='word_1_149' title='bbox 246 2606 319 2664; x_wconf 89' lang='lat' dir='ltr'>sime</span> <span class='ocrx_word' id='word_1_150' title='bbox 349 2605 523 2681; x_wconf 85' lang='lat' dir='ltr'>contexuit,</span> <span class='ocrx_word' id='word_1_151' title='bbox 554 2603 591 2663; x_wconf 90' lang='lat' dir='ltr'>da</span> <span class='ocrx_word' id='word_1_152' title='bbox 622 2604 776 2663; x_wconf 89' lang='lat' dir='ltr'>reticendo</span> <span class='ocrx_word' id='word_1_153' title='bbox 807 2604 1036 2663; x_wconf 86' lang='lat' dir='ltr'>interfectorum</span> <span class='ocrx_word' id='word_1_154' title='bbox 1066 2621 1192 2664; x_wconf 89' lang='lat' dir='ltr'>numero</span> <span class='ocrx_word' id='word_1_155' title='bbox 1214 2609 1258 2664; x_wconf 88' lang='lat' dir='ltr'>-et</span> 
     </span>
     <span class='ocr_line' id='line_1_25' title="bbox 246 2691 1257 2768; baseline -0.002 -15"><span class='ocrx_word' id='word_1_156' title='bbox 246 2693 425 2753; x_wconf 83' lang='lat' dir='ltr'>Sallustium</span> <span class='ocrx_word' id='word_1_157' title='bbox 444 2691 583 2768; x_wconf 81' lang='lat' dir='ltr'>Crispum</span> <span class='ocrx_word' id='word_1_158' title='bbox 601 2695 633 2750; x_wconf 94' lang='lat' dir='ltr'>et</span> <span class='ocrx_word' id='word_1_159' title='bbox 650 2693 726 2751; x_wconf 86' lang='lat' dir='ltr'>alios</span> <span class='ocrx_word' id='word_1_160' title='bbox 745 2695 883 2751; x_wconf 89' lang='lat' dir='ltr'>auctores</span> <span class='ocrx_word' id='word_1_161' title='bbox 906 2710 997 2768; x_wconf 92' lang='lat' dir='ltr'>quam</span> <span class='ocrx_word' id='word_1_162' title='bbox 1018 2692 1166 2768; x_wconf 84' lang='lat' dir='ltr'>plurimos</span> <span class='ocrx_word' id='word_1_163' title='bbox 1189 2709 1257 2751; x_wconf 84' lang='lat' dir='ltr'>san-</span> 
     </span>
     <span class='ocr_line' id='line_1_26' title="bbox 245 2779 1176 2858; baseline -0.003 -17"><span class='ocrx_word' id='word_1_164' title='bbox 245 2782 322 2842; x_wconf 84' lang='lat' dir='ltr'>xisse</span> <span class='ocrx_word' id='word_1_165' title='bbox 345 2786 377 2842; x_wconf 90' lang='lat' dir='ltr'>et</span> <span class='ocrx_word' id='word_1_166' title='bbox 399 2800 431 2842; x_wconf 90' lang='lat' dir='ltr'>se</span> <span class='ocrx_word' id='word_1_167' title='bbox 453 2781 554 2858; x_wconf 89' lang='lat' dir='ltr'>ipsum</span> <span class='ocrx_word' id='word_1_168' title='bbox 576 2779 656 2838; x_wconf 92' lang='lat' dir='ltr'>idem</span> <span class='ocrx_word' id='word_1_169' title='bbox 677 2780 870 2856; x_wconf 89' lang='lat' dir='ltr'>potissimum</span> <span class='ocrx_word' id='word_1_170' title='bbox 892 2779 1020 2857; x_wconf 85' lang='lat' dir='ltr'>elegisse</span> <span class='ocrx_word' id='word_1_171' title='bbox 1043 2780 1176 2839; x_wconf 84' lang='lat' dir='ltr'>dixisset.</span> 
     </span>
    </p>
   </div>
   <div class='ocr_carea' id='block_1_14' title="bbox 242 2901 1257 3423">
    <p class='ocr_par' dir='ltr' id='par_1_14' title="bbox 242 2901 1257 3423">
     <span class='ocr_line' id='line_1_27' title="bbox 311 2901 1078 2978; baseline -0.004 -14"><span class='ocrx_word' id='word_1_172' title='bbox 311 2906 428 2965; x_wconf 80' lang='lat' dir='ltr'>Froct.</span> <span class='ocrx_word' id='word_1_173' title='bbox 453 2922 495 2978; x_wconf 80' lang='lat' dir='ltr'>ep.</span> <span class='ocrx_word' id='word_1_174' title='bbox 518 2905 558 2964; x_wconf 84' lang='lat' dir='ltr'>ad</span> <span class='ocrx_word' id='word_1_175' title='bbox 580 2904 625 2962; x_wconf 87' lang='lat' dir='ltr'>M.</span> <span class='ocrx_word' id='word_1_176' title='bbox 650 2901 732 2963; x_wconf 80' lang='lat' dir='ltr'>Ocea.</span> <span class='ocrx_word' id='word_1_177' title='bbox 749 2903 803 2963; x_wconf 84' lang='lat' dir='ltr'>IV</span> <span class='ocrx_word' id='word_1_178' title='bbox 827 2903 898 2976; x_wconf 69' lang='lat'><strong><em>31).</em></strong></span> <span class='ocrx_word' id='word_1_179' title='bbox 922 2905 963 2962; x_wconf 86' lang='lat'>62</span> <span class='ocrx_word' id='word_1_180' title='bbox 985 2903 1078 2962; x_wconf 70' lang='lat' dir='ltr'>Nola:</span> 
     </span>
     <span class='ocr_line' id='line_1_28' title="bbox 246 2989 1257 3066; baseline -0.001 -15"><span class='ocrx_word' id='word_1_181' title='bbox 246 2993 357 3052; x_wconf 83' lang='lat' dir='ltr'>..rari</span> <span class='ocrx_word' id='word_1_182' title='bbox 388 2992 551 3052; x_wconf 85' lang='lat' dir='ltr'>admodum</span> <span class='ocrx_word' id='word_1_183' title='bbox 582 2995 720 3052; x_wconf 86' lang='lat' dir='ltr'>veterum</span> <span class='ocrx_word' id='word_1_184' title='bbox 751 2990 934 3066; x_wconf 79' lang='lat' dir='ltr'>scriptorum</span> <span class='ocrx_word' id='word_1_185' title='bbox 964 2989 996 3048; x_wconf 91' lang='lat' dir='ltr'>in</span> <span class='ocrx_word' id='word_1_186' title='bbox 1023 3009 1093 3048; x_wconf 90' lang='lat' dir='ltr'>eum</span> <span class='ocrx_word' id='word_1_187' title='bbox 1120 2990 1257 3050; x_wconf 85' lang='lat' dir='ltr'>laborem</span> 
     </span>
     <span class='ocr_line' id='line_1_29' title="bbox 245 3078 1257 3158; baseline -0.002 -17"><span class='ocrx_word' id='word_1_188' title='bbox 245 3081 438 3157; x_wconf 87' lang='lat' dir='ltr'>studiumque</span> <span class='ocrx_word' id='word_1_189' title='bbox 466 3084 498 3140; x_wconf 92' lang='lat' dir='ltr'>et</span> <span class='ocrx_word' id='word_1_190' title='bbox 527 3080 697 3158; x_wconf 89' lang='lat' dir='ltr'>periculum</span> <span class='ocrx_word' id='word_1_191' title='bbox 718 3079 811 3140; x_wconf 79' lang='lat' dir='ltr'>rerba</span> <span class='ocrx_word' id='word_1_192' title='bbox 842 3078 1056 3137; x_wconf 86' lang='lat' dir='ltr'>industriosius</span> <span class='ocrx_word' id='word_1_193' title='bbox 1090 3079 1257 3154; x_wconf 91' lang='lat' dir='ltr'>quaerendi</span> 
     </span>
     <span class='ocr_line' id='line_1_30' title="bbox 244 3166 1255 3243; baseline -0.005 -13"><span class='ocrx_word' id='word_1_194' title='bbox 244 3188 308 3231; x_wconf 88' lang='lat' dir='ltr'>sesa</span> <span class='ocrx_word' id='word_1_195' title='bbox 327 3169 511 3228; x_wconf 88' lang='lat' dir='ltr'>commisere.</span> <span class='ocrx_word' id='word_1_196' title='bbox 557 3172 710 3228; x_wconf 87' lang='lat' dir='ltr'>oratorum</span> <span class='ocrx_word' id='word_1_197' title='bbox 728 3170 798 3243; x_wconf 89' lang='lat' dir='ltr'>post</span> <span class='ocrx_word' id='word_1_198' title='bbox 820 3166 956 3225; x_wconf 89' lang='lat' dir='ltr'>homines</span> <span class='ocrx_word' id='word_1_199' title='bbox 978 3170 1065 3225; x_wconf 90' lang='lat' dir='ltr'>natos</span> <span class='ocrx_word' id='word_1_200' title='bbox 1089 3185 1168 3225; x_wconf 88' lang='lat' dir='ltr'>unus</span> <span class='ocrx_word' id='word_1_201' title='bbox 1192 3185 1255 3226; x_wconf 90' lang='lat' dir='ltr'>om·</span> 
     </span>
     <span class='ocr_line' id='line_1_31' title="bbox 243 3252 1255 3332; baseline -0.002 -16"><span class='ocrx_word' id='word_1_202' title='bbox 243 3259 326 3317; x_wconf 91' lang='lat' dir='ltr'>nium</span> <span class='ocrx_word' id='word_1_203' title='bbox 349 3257 389 3316; x_wconf 87' lang='lat' dir='ltr'>M.</span> <span class='ocrx_word' id='word_1_204' title='bbox 408 3256 533 3316; x_wconf 89' lang='lat' dir='ltr'>Porcius</span> <span class='ocrx_word' id='word_1_205' title='bbox 557 3257 682 3332; x_wconf 90' lang='lat' dir='ltr'>eiusque</span> <span class='ocrx_word' id='word_1_206' title='bbox 705 3255 847 3332; x_wconf 81' lang='lat' dir='ltr'>frequens</span> <span class='ocrx_word' id='word_1_207' title='bbox 869 3256 1003 3314; x_wconf 83' lang='lat' dir='ltr'>sectator</span> <span class='ocrx_word' id='word_1_208' title='bbox 1025 3252 1056 3313; x_wconf 80' lang='lat' dir='ltr'>G.</span> <span class='ocrx_word' id='word_1_209' title='bbox 1075 3253 1255 3317; x_wconf 82' lang='lat' dir='ltr'>Sallustius:</span> 
     </span>
     <span class='ocr_line' id='line_1_32' title="bbox 242 3344 785 3423; baseline -0.006 -17"><span class='ocrx_word' id='word_1_210' title='bbox 242 3350 401 3423; x_wconf 86' lang='lat' dir='ltr'>poetarum</span> <span class='ocrx_word' id='word_1_211' title='bbox 422 3345 552 3404; x_wconf 85' lang='lat' dir='ltr'>maxime</span> <span class='ocrx_word' id='word_1_212' title='bbox 575 3344 705 3403; x_wconf 87' lang='lat' dir='ltr'>Plautus</span> <span class='ocrx_word' id='word_1_213' title='bbox 724 3389 731 3402; x_wconf 94' lang='lat'><strong>.</strong></span> <span class='ocrx_word' id='word_1_214' title='bbox 751 3388 785 3403; x_wconf 88' lang='lat'>..</span> 
     </span>
    </p>
   </div>
   <div class='ocr_carea' id='block_1_15' title="bbox 309 3466 989 3540">
    <p class='ocr_par' dir='ltr' id='par_1_15' title="bbox 309 3466 989 3540">
     <span class='ocr_line' id='line_1_33' title="bbox 309 3466 989 3540; baseline -0.007 -13"><span class='ocrx_word' id='word_1_215' title='bbox 309 3470 354 3528; x_wconf 66' lang='lat' dir='ltr'>te.</span> <span class='ocrx_word' id='word_1_216' title='bbox 376 3469 416 3528; x_wconf 76' lang='lat' dir='ltr'>ac</span> <span class='ocrx_word' id='word_1_217' title='bbox 438 3469 484 3526; x_wconf 84' lang='lat' dir='ltr'>u.</span> <span class='ocrx_word' id='word_1_218' title='bbox 507 3466 648 3528; x_wconf 61' lang='lat' dir='ltr'>scucos.</span> <span class='ocrx_word' id='word_1_219' title='bbox 669 3468 705 3527; x_wconf 72' lang='lat' dir='ltr'>ec</span> <span class='ocrx_word' id='word_1_220' title='bbox 728 3467 795 3540; x_wconf 64' lang='lat' dir='ltr'>coc.</span> <span class='ocrx_word' id='word_1_221' title='bbox 818 3466 891 3540; x_wconf 73' lang='lat' dir='ltr'>ap.</span> <span class='ocrx_word' id='word_1_222' title='bbox 914 3467 989 3524; x_wconf 78' lang='lat'><strong><em>149.-</em></strong></span> 
     </span>
    </p>
   </div>
   <div class='ocr_carea' id='block_1_16' title="bbox 0 0 1364 4124">
    <p class='ocr_par' dir='ltr' id='par_1_16' title="bbox 0 0 1364 4124">
     <span class='ocr_line' id='line_1_34' title="bbox 0 0 1364 4124; baseline 0 1"><span class='ocrx_word' id='word_1_223' title='bbox 0 0 1364 4124; x_wconf 95' lang='lat' dir='ltr'> </span> 
     </span>
    </p>
   </div>
  </div>
 </body>
</html>
