2718 4124
354 218 502 274 BELLUM
521 217 713 274 CATILINAE
732 235 755 274 c.
776 224 888 272 13-17.
1109 222 1129 284 9

114 387 217 519 qplaqr
235 365 333 518 ,quod
361 365 512 450 cuiquam
534 363 568 428 id
591 367 782 447 conpertum
809 363 908 448 foret,
934 364 1015 430 haec
1042 365 1131 430 fama

114 477 134 520 v
170 476 259 521 aa.

182 542 257 607 Iam
288 541 432 626 primum
464 541 651 607 adulescens
685 539 827 606 Catilina
858 543 963 607 multa
991 541 1131 608 nefanda
1142 551 1183 616 15

114 637 234 716 stupra
247 630 379 714 fecerat,
394 651 467 696 cum
476 629 602 716 virgine
611 629 725 714 nobili,
739 651 813 695 cum
822 630 990 696 sacerdote
999 629 1130 716 Vestae,

115 721 182 786 alia
200 719 337 784 huiusce
355 718 444 784 modi
463 722 578 784 contra
596 718 647 784 ius
665 716 789 802 fasque.
829 723 996 803 postremo
1015 723 1130 803 captus
1149 731 1165 778 a

115 829 229 874 amora
252 806 405 873 Aureliae
426 805 609 892 Orestillae,
632 805 724 872 cuius
742 810 872 891 praeter
890 807 1029 872 formam
1046 807 1130 874 nihil

114 919 274 981 umquam
292 897 398 961 bonus
416 895 570 980 laudavit,
589 895 676 980 quod
694 916 733 960 ea
749 896 871 961 nubere
890 895 940 960 illi
957 895 1130 961 dubitabat

114 987 238 1052 timens
258 984 446 1070 privignum
464 984 576 1049 adulta
594 987 711 1068 aetate,
730 1005 790 1068 pro
810 988 899 1049 certo
918 984 1061 1049 creditur
1077 1007 1131 1049 ne·

115 1080 192 1140 cato
230 1073 301 1138 filio
335 1094 471 1139 vacuam
503 1073 635 1138 domum
666 1072 813 1138 scelestis
844 1072 969 1158 nuptiis
1005 1072 1131 1138 fecisse.

115 1184 201 1248 quae
225 1159 357 1246 quidem
379 1183 431 1227 res
454 1160 536 1226 mihi
558 1160 730 1245 inprimis
753 1161 882 1227 videtur
910 1183 1008 1226 causa
1029 1161 1165 1226 fuisses

114 1251 246 1317 facinus
274 1249 467 1315 maturandi.
512 1270 652 1332 namque
675 1249 803 1314 animus
826 1251 976 1334 inpurus,
1003 1249 1052 1314 dis
1075 1250 1166 1314 ho·4

115 1339 327 1422 minibusque
350 1337 489 1404 infestus
511 1358 617 1421 neque
635 1337 758 1424 vigiliis
776 1359 881 1422 neque
900 1338 1065 1422 quietibus
1084 1359 1131 1402 se-

115 1428 188 1494 dari
207 1430 351 1512 poterat:
370 1426 419 1492 ita
436 1426 636 1492 conscientia
654 1430 798 1494 mentem
817 1426 957 1493 excitam
970 1427 1130 1492 vastabat.

114 1517 221 1603 igitur
245 1515 335 1581 color
357 1515 388 1580 ei
406 1515 572 1600 exanguis,
594 1514 681 1580 foedi
700 1514 795 1600 oculi,
814 1515 898 1580 citus
918 1515 1014 1580 modo
1033 1515 1129 1600 modo
1149 1529 1165 1578 5

115 1605 231 1670 tardus
263 1604 423 1670 incessus:
454 1623 589 1688 prorsus
621 1603 656 1668 in
686 1601 769 1668 facie
797 1603 953 1687 voltuque
980 1603 1131 1670 vecordia

115 1695 232 1760 inerat.

185 1780 250 1848 Sed
267 1781 479 1865 iuventutem,
497 1801 605 1865 quam,
622 1784 661 1845 ut
679 1801 777 1864 supra
795 1779 944 1864 diximus,
962 1780 1128 1864 inlexerat,
1142 1784 1183 1850 16

116 1870 232 1937 multis
260 1869 365 1934 modis
393 1869 481 1934 mala
502 1868 649 1934 facinora
672 1869 836 1934 edocebat.
882 1890 921 1933 ex
943 1869 1010 1934 illis
1034 1869 1129 1934 testis
1148 1883 1164 1932 2

116 1957 491 2114 ffinatvqlresqlqpbfalsos
515 1957 735 2112 copmquarm
756 1957 854 2110 fidqm
876 1956 1025 2110 tortuque
1048 1959 1130 2042 peri·

171 2069 191 2112 a
265 2069 298 2111 ra
390 2067 443 2111 ere
508 2066 545 2110 os
587 2067 785 2111 nieorum
822 2067 973 2111 amoma
1010 2067 1051 2110 ue
1096 2069 1130 2112 u·

116 2139 231 2202 dorem
263 2097 458 2220 adtriverat:
484 2067 612 2199 inaiora
643 2134 708 2199 alia
734 2135 926 2218 imperabat.
976 2067 1010 2198 si
1032 2069 1164 2200 carisaa

115 2222 273 2311 peccandi
298 2223 334 2288 iu
355 2243 510 2307 praesens
533 2222 640 2288 minus
664 2223 873 2308 subpetebat,
895 2223 999 2288 nihilo
1022 2223 1129 2288 minus

116 2312 259 2380 insontis
287 2311 384 2376 sicuti
412 2311 517 2377 sontis
546 2311 777 2378 circumvenire
804 2311 965 2397 iugulare:
997 2312 1129 2394 scilicet,

115 2425 156 2468 ne
174 2422 235 2486 per
253 2399 358 2466 otium
375 2403 598 2484 torpescerent
616 2421 731 2466 manus
750 2404 808 2466 aut
826 2399 962 2484 animus,
983 2400 1128 2486 gratuito

114 2489 229 2574 potius
253 2488 358 2554 malus
382 2493 479 2573 atque
503 2487 642 2554 crudelis
666 2493 745 2554 erat.

182 2577 244 2644 Eis
267 2576 379 2642 amicis
403 2576 565 2661 sociisque
589 2577 729 2642 confisus
749 2576 901 2662 Catilina,
924 2577 1021 2642 simul
1043 2578 1129 2660 quod
1147 2592 1165 2640 4

115 2688 172 2732 aas
205 2665 349 2730 alienum
379 2687 438 2750 per
469 2665 575 2731 onmis
607 2670 711 2731 terras
739 2666 855 2752 ingens
883 2669 955 2731 erat
983 2669 1016 2730 et
1043 2666 1134 2749 quod·

114 2754 264 2840 plerique
284 2751 411 2818 Sullam
429 2753 561 2838 milites,
582 2755 707 2840 largius
728 2776 787 2819 suo
806 2755 867 2838 usi,
890 2753 1078 2838 rapinarum
1096 2759 1130 2820 et

115 2841 274 2909 victoriae
301 2842 421 2907 veteris
449 2863 609 2908 memores
642 2842 734 2908 civile
766 2843 890 2908 bellum
922 2843 1130 2927 exoptabant,

115 2929 352 3016 obprimundae
379 2930 427 2995 rei
454 2930 603 3014 publicae
631 2931 803 2996 eonsilium
831 2931 926 3015 cepit.
972 2931 1006 2995 in
1031 2930 1157 3000 Italiac

115 3020 226 3085 nullus
264 3017 438 3104 exercitus,
474 3017 538 3085 On.
559 3018 733 3103 Pompeius
770 3019 805 3084 in
840 3019 994 3084 extremis
1031 3020 1128 3084 terris

117 3108 241 3174 ballum
264 3107 413 3194 gerebat3
439 3107 504 3191 ipsi
527 3107 733 3172 consulatum
755 3108 880 3193 petenti
902 3127 1023 3193 magua
1045 3130 1128 3192 spes,

116 3200 251 3262 senatus
278 3195 361 3260 nihil
389 3216 466 3260 sane
488 3195 649 3260 intentus:
677 3199 769 3261 tutae
792 3197 1053 3280 tranquillaeque
1076 3217 1127 3260 res

116 3306 240 3368 omnes,
261 3284 320 3350 sed
342 3305 381 3348 ea
402 3303 537 3368 prorsus
560 3288 744 3369 opportuna
767 3282 936 3350 Catilinae.

182 3371 292 3459 Igitur
311 3371 441 3438 circiter
458 3372 612 3438 kalendas
631 3371 742 3438 Iunias
761 3371 797 3438 L.
817 3371 953 3439 Caesare
972 3376 1005 3437 ct
1024 3371 1058 3438 0.
1077 3372 1178 3440 lli-17

116 3463 195 3547 gulo
213 3459 402 3527 consulibus
421 3461 528 3544 primo
547 3461 694 3546 singulos
713 3462 886 3545 appellare,
904 3460 1030 3525 hortari
1045 3461 1126 3526 alios

117 3551 201 3616 alios
223 3553 400 3635 temptare3
430 3570 507 3632 opes
536 3571 624 3632 suas,
651 3549 834 3632 inparatam
862 3549 1127 3634 rempublicam,
