2754 4124
268 171 312 238 94
638 170 744 226 auam
762 169 905 226 sanarer
971 131 975 137 ’

270 316 394 381 essedis
426 315 594 380 desilirent
626 319 659 379 et
685 315 821 400 pedibus
850 315 972 399 dispari
998 314 1122 399 proelio
1150 317 1283 379 conten·

234 405 390 469 aderent.
428 403 600 487 Equestris
624 406 733 467 autem
757 403 872 487 proelii
895 403 978 467 ratio
994 407 1027 466 et
1040 401 1225 467 cedentibus
1247 407 1283 466 et

235 508 252 556 4
270 491 515 576 insequentibus
533 513 594 576 par
612 496 709 574 alque
727 491 812 554 idem
831 490 1007 575 periculum
1021 490 1189 555 inferebat.
1217 489 1282 555 Ac·

270 580 404 644 cedebat
422 579 493 657 huc,
512 584 548 643 ut
566 601 743 663 numquam
763 578 907 661 conferti,
927 578 983 643 sed
1000 578 1067 643 rari
1086 577 1281 664 magnisque

270 667 451 731 intervallis
475 666 713 752 proeliarentur
736 667 957 752 stationesque
980 665 1153 752 dispositas
1181 665 1281 730 habe-

270 759 351 838 rent,
374 759 471 838 atque
495 755 576 819 alios
600 755 657 818 alii
676 755 824 839 deinceps
843 753 1028 840 exciperent
1044 753 1226 840 integrique
1248 759 1283 818 et

246 839 416 908 'recentes
441 841 627 929 defetigatis
651 842 867 906 succederent.

239 948 250 994 1
359 929 463 994 XVII.
487 929 622 995 Postero
642 931 693 994 die
711 931 825 1015 procul
840 953 860 995 a
873 930 989 995 castris
1007 930 1118 994 hostes
1136 930 1171 994 in
1189 929 1280 994 colli·

270 1017 331 1082 bus
355 1019 572 1083 constiterunt
594 1020 723 1102 rarique
747 1040 781 1082 se
804 1018 973 1082 ostendere
995 1022 1029 1082 et
1054 1017 1158 1082 lenius
1181 1039 1281 1102 quam

236 1121 252 1169 2
272 1107 374 1188 pridie
396 1111 526 1171 nostros
545 1107 669 1190 equites
687 1107 812 1190 proelio
830 1107 987 1171 lacessere
1005 1110 1188 1190 coeperunt.
1215 1104 1281 1170 Sed

272 1195 417 1278 meridie,
449 1216 521 1259 cum
553 1191 671 1259 Caesar
700 1193 877 1278 pabulandi
907 1215 1005 1258 causa
1033 1197 1099 1257 tres
1131 1192 1280 1278 legiones

272 1287 369 1367 atque
397 1303 526 1347 omnem
554 1284 733 1366 equitatum
765 1304 838 1346 cum
868 1280 949 1346 Gaio
978 1280 1137 1348 Trebonio
1167 1281 1280 1367 legato

272 1370 423 1453 misisset,
446 1373 576 1454 repente
600 1391 637 1433 ex
662 1369 810 1434 omnibus
833 1370 982 1455 partibus
1006 1369 1047 1434 ad
1069 1369 1280 1453 pabulatores

272 1458 512 1536 advolaverunt,
537 1457 653 1521 sicuti
677 1458 718 1520 ab
742 1457 844 1542 signis
868 1457 1113 1544 legionibusque
1135 1479 1201 1522 non
1224 1457 1280 1521 ab·

237 1561 253 1608 3
273 1546 435 1610 sisterent.
483 1545 598 1610 Nostri
626 1543 743 1609 acriter
769 1545 804 1608 in
827 1568 881 1610 eos
904 1545 1027 1629 impetu
1050 1545 1137 1610 iacto
1164 1567 1281 1630 reppu-

271 1635 378 1698 lerunt
400 1655 503 1717 neque
525 1633 624 1696 finem
648 1633 802 1717 sequendi
824 1634 982 1716 fecerunt,
1005 1633 1111 1716 quoad
1134 1633 1280 1699 subsidio

272 1723 385 1788 confisi
413 1721 550 1806 equites,
579 1742 651 1785 cum
678 1725 754 1806 post
776 1743 810 1786 se
834 1720 978 1808 legiones
1001 1721 1163 1804 viderent,
1185 1743 1280 1805 prae-

238 1811 386 1896 scipites
405 1809 517 1874 hostes
537 1813 681 1894 egerunt,
704 1831 888 1894 magnoque
902 1831 1013 1874 eorum
1031 1831 1164 1873 numero
1183 1808 1281 1874 inter·

272 1899 357 1962 fecto
385 1919 488 1981 neque
516 1899 566 1961 sui
594 1896 768 1983 colligendi
794 1919 897 1981 neque
929 1896 1126 1962 consistendi
1155 1900 1213 1962 aut
1241 1919 1279 1961 ex

238 2001 253 2048 5
274 1985 393 2051 essedis
417 1984 586 2050 desiliendi
608 1984 796 2050 facultatem
825 1985 988 2050 dederunt.
1032 1984 1082 2048 Ex
1111 1983 1173 2049 hac
1199 1984 1281 2070 fuga

273 2073 435 2158 protinus,
463 2095 545 2158 quae
572 2073 711 2156 undique
735 2076 961 2155 convenerant,
984 2072 1103 2136 auxilia
1127 2073 1280 2138 discesse-

273 2166 358 2242 runt,
376 2183 479 2245 neque
498 2165 573 2245 post
590 2161 623 2224 id
641 2165 770 2245 tempus
788 2183 942 2244 umquam
962 2161 1096 2224 summis
1110 2160 1280 2225 nobiscum

273 2249 375 2335 copiis
399 2249 509 2314 hostes
533 2249 773 2313 contenderunt.

240 2353 253 2400 1
360 2336 481 2402 XVIII.
517 2335 637 2402 Caesar
656 2337 786 2422 cognito
805 2336 939 2402 consilio
963 2358 1072 2400 eorum
1097 2335 1138 2400 ad
1160 2335 1281 2400 flumen

274 2426 436 2490 Tamesim
459 2426 494 2489 in
511 2425 591 2490 fines
615 2422 850 2489 Cassivellauni
874 2424 1048 2489 exercitum
1067 2424 1171 2507 duxit3
1194 2425 1281 2507 quod

273 2515 393 2578 flumen
420 2535 485 2579 uno
514 2513 646 2578 omnino
674 2513 745 2578 loco
773 2513 922 2598 pedibus,
955 2515 1051 2595 atque
1082 2512 1143 2576 hoc
1175 2532 1280 2598 aegre,

238 2602 405 2666 atransiri
432 2605 549 2686 potest.
600 2599 649 2665 Eo
678 2623 750 2665 curn
777 2600 932 2683 venisset,
959 2599 1103 2665 animum
1131 2599 1281 2682 advertit,

273 2691 314 2755 ad
328 2691 465 2754 alteram
479 2689 621 2753 fluminis
640 2689 745 2772 ripam
764 2709 899 2772 magnas
919 2709 988 2752 esse
1007 2688 1117 2770 copias
1136 2687 1281 2752 hostium

238 2793 254 2840 3
273 2778 458 2842 instructae.
508 2777 594 2860 Ripa
621 2781 729 2842 autem
753 2780 823 2840 erat
846 2776 948 2841 acutis
972 2775 1105 2840 sudibus
1127 2775 1280 2858 praefixis

273 2866 412 2950 munita,
445 2865 650 2948 eiusdemque
682 2864 808 2948 generis
837 2864 896 2928 sub
924 2887 1009 2948 aqua
1036 2863 1157 2928 defixae
1184 2864 1280 2928 sudes

238 2969 254 3016 4
272 2953 403 3017 flumine
421 2955 622 3037 tegebantur.
666 2953 727 3016 His
746 2953 840 3017 rebus
860 2953 998 3038 cognitis
1018 2975 1037 3015 a
1055 2950 1191 3035 captivis
1209 2973 1281 3036 per·

274 3041 423 3125 iugisque
442 3040 561 3106 Caesar
583 3042 762 3126 praemisso
782 3042 928 3124 equItatu
947 3039 1116 3105 confestim
1134 3039 1280 3125 legiones

239 3129 428 3212 ssubsequi
454 3129 558 3194 iussit.
609 3126 670 3193 Sed
702 3151 740 3194 ea
770 3128 934 3194 celeritate
965 3132 1061 3212 atque
1091 3148 1128 3190 eo
1155 3127 1280 3212 impetu

274 3217 393 3282 milites
416 3217 536 3301 ierunt,
560 3239 632 3281 oum
656 3217 762 3302 capite
785 3218 855 3282 solo
879 3239 917 3281 ex
941 3239 1025 3300 aqua
1047 3218 1220 3298 exstarent,
1242 3219 1281 3280 ut

273 3305 384 3370 hostes
403 3305 560 3390 impetum
579 3305 744 3390 legionum
763 3309 859 3388 atque
875 3305 1019 3389 equitum
1038 3303 1195 3367 sustinere
1212 3324 1280 3367 non

194 3460 199 3477 ,
273 3396 408 3480 possent
431 3395 581 3478 ripasque
610 3391 811 3457 dimitterent
839 3413 876 3458 ao
903 3413 937 3457 sa
960 3393 1057 3478 fugae
1079 3390 1280 3458 mandarent

241 3499 252 3545 1
362 3479 497 3547 XVIIII.
521 3479 793 3564 Cassivellaunus,
811 3484 848 3544 ut
862 3502 961 3565 supra
979 3477 1280 3563 demonstravimus,
