2740 4128
252 179 294 243 16
596 180 645 234 DE
664 179 780 235 BELLO
799 179 908 236 01v1n1

250 323 391 409 mandat,
413 328 451 388 ut
468 322 628 388 Libonem
646 324 684 387 de
703 323 904 389 concilianda
921 345 1000 408 pace
1018 323 1182 409 hortetur3
1204 321 1269 388 im-

249 411 377 497 primis,
399 416 436 476 ut
458 411 528 496 ipse
552 433 626 476 cum
648 411 804 494 Pompeio
828 411 1080 496 colloqueretur,
1101 411 1269 497 postulat;

219 514 600 673 ‘trusissent
625 500 784 672 pppis„
809 500 1191 670 §stitutionis
1215 522 1268 652 n

251 677 349 740 armis
381 675 579 760 discedatur3
611 675 702 741 cuius
733 674 781 739 rei
812 695 966 760 magnam
996 680 1124 759 partem
1155 675 1265 740 laudis

251 768 347 846 atquc
371 763 620 828 existimationis
644 764 684 827 ad
706 761 866 828 Libonem
887 767 1129 848 perventuram,
1152 763 1181 828 si
1203 763 1266 828 illo

220 857 384 916 cauctore
407 855 503 934 atque
523 855 639 936 agente
658 851 698 916 ab
722 850 821 916 armis
844 850 889 914 sit
911 850 1097 916 discessum.
1133 849 1220 916 Libo
1245 875 1267 916 a

251 939 413 1023 colloquio
433 938 547 1004 Canini
570 939 733 1024 digressus
758 939 799 1003 ad
820 937 1012 1022 Pompeium
1033 938 1264 1023 proficiscitur.

251 1027 352 1091 Paulo
374 1031 450 1111 post
472 1027 651 1112 renuntiat,
673 1027 759 1110 quod
782 1026 931 1091 consules
955 1025 1078 1111 absint,
1100 1027 1170 1090 sine
1193 1027 1263 1092 illis

219 1129 317 1180 onon
335 1136 429 1199 posse
448 1137 467 1179 a
493 1115 500 1128 ’
517 1115 555 1179 de
569 1115 813 1198 compositione.
845 1113 898 1178 Ita
912 1113 1041 1198 saepius
1055 1135 1124 1180 rem
1137 1113 1265 1179 frustra

250 1207 444 1287 temptatam
465 1136 584 1268 gaesar
606 1202 778 1286 aliquando
801 1201 1028 1268 dimittendam
1051 1202 1114 1266 sibi
1136 1202 1264 1269 iudicat

250 1295 284 1356 et
307 1291 345 1355 de
368 1291 453 1355 bello
477 1291 644 1377 agendum.

222 1391 235 1439 1
316 1378 450 1443 XXVII.
469 1379 572 1464 Prope
586 1376 719 1442 dimidia
731 1381 824 1461 parte
839 1377 945 1462 operis
961 1400 980 1442 a
994 1376 1130 1442 Caesare
1144 1379 1263 1444 effecta

250 1466 426 1550 diebusque
448 1467 484 1531 in
506 1489 544 1532 ea
566 1488 600 1530 re
624 1465 824 1550 consumptis
847 1484 1056 1550 V1111,naves
1079 1488 1099 1530 a
1121 1467 1261 1532 consuli·

250 1559 311 1624 bus
342 1556 522 1640 Dyrrachio
561 1555 728 1638 remissae,
756 1575 837 1637 quae
859 1553 1001 1638 priorem
1023 1557 1150 1638 partem
1172 1577 1260 1620 exer-

220 1643 334 1708 acitus
354 1665 392 1707 eo
411 1643 667 1726 deportaverant,
689 1639 898 1706 Brundisium
916 1645 1129 1707 revertuntur.
1165 1643 1261 1708 Pom·

250 1731 341 1815 peius
361 1731 427 1796 sive
447 1731 597 1814 operibus
612 1729 758 1795 Caesaris
777 1733 942 1814 permotus
962 1729 1029 1793 sive
1046 1729 1153 1814 etiam,
1172 1733 1260 1814 quod

250 1820 291 1884 ab
315 1819 409 1882 initio
433 1818 528 1882 Italia
546 1819 696 1882 excedere
715 1817 943 1898 constituerat,
966 1817 1107 1882 adventu
1126 1819 1259 1884 navium

219 1906 484 1992 eprofeetionem
506 1928 618 1990 parare
640 1905 757 1990 incipit
780 1910 826 1990 et,
853 1926 916 1988 quo
944 1904 1072 1970 facilius
1099 1905 1257 1990 impeturn

251 1994 397 2059 Caesaris
414 1994 565 2077 tardaret,
582 2015 623 2058 ne
642 1995 702 2058 sub
720 1993 793 2077 ipsa
810 1992 1010 2078 profectione
1028 1993 1148 2058 milites
1169 1995 1258 2080 oppi-

251 2083 328 2146 dum
358 2082 587 2166 irrumperent,
618 2086 729 2166 portas
760 2082 918 2166 obstruit,
948 2081 1037 2146 vicos
1069 2081 1257 2166 plateasque

249 2170 446 2252 inaedificat‚
468 2169 572 2234 fossas
595 2173 795 2234 transversas
818 2169 880 2233 viis
902 2168 1070 2253 praeducit
1091 2174 1188 2253 atque
1210 2171 1258 2236 ibi

220 2258 346 2323 tsudes
364 2257 556 2341 stipitesque
576 2263 766 2340 praeacutos
787 2257 907 2342 defigit.
939 2256 1029 2322 Haec
1047 2256 1172 2322 levibus
1191 2280 1257 2323 cra·

250 2346 338 2410 tibus
365 2350 514 2428 terraque
543 2345 710 2430 inaequat,
739 2345 845 2410 aditus
876 2349 985 2410 autem
1014 2349 1110 2428 atque
1139 2345 1257 2411 itinere
1340 2421 1341 2427 ἵ

250 2435 323 2516 duo,
346 2455 427 2517 quae
450 2437 541 2497 extra
563 2456 691 2498 murum
714 2433 754 2496 ad
775 2437 907 2516 portum
929 2433 1085 2518 ferebant,
1107 2433 1255 2500 maximis
1339 2501 1340 2525 ,

219 2521 361 2592 odefixis
385 2521 532 2585 trabibus
556 2527 652 2605 atque
675 2520 721 2586 eis
749 2521 930 2604 praeacutis
958 2521 1148 2606 praesaepit.
1194 2522 1254 2588 His
1338 2581 1339 2623 ,

249 2609 371 2694 paratis
394 2610 490 2674 rebus
514 2609 633 2674 milites
657 2609 786 2673 silentio
809 2630 907 2673 naves
926 2609 1137 2674 conscendere
1155 2609 1256 2696 iubet,

249 2697 415 2781 expeditos
439 2701 548 2762 autem
571 2720 610 2761 ex
633 2696 997 2780 evocatispsegittariis
1024 2696 1255 2763 frurditoribus-

219 2798 311 2869 eque
338 2806 428 2854 raros
455 2785 490 2850 in
517 2806 609 2850 muro
637 2785 843 2867 turribusque
871 2785 1022 2869 disponit.
1067 2785 1137 2850 Hos
1165 2791 1253 2851 certo

249 2873 343 2958 signo
372 2895 522 2938 revocare
552 2872 736 2956 eonst'tuit,
765 2894 839 2937 eum
869 2895 979 2938 omnes
1009 2873 1129 2938 milites
1156 2894 1253 2940 naves

249 2962 519 3046 conscendissent,
537 2965 634 3044 atque
652 2961 693 3025 iis
712 2961 861 3044 expedito
875 2961 948 3026 loco
963 2961 1108 3026 actuaria
1122 2961 1254 3048 navigia

248 3050 330 3114 rolin
353 3050 411 3114 uit.

219 3149 232 3197 1
274 3209 278 3218 ⁵
314 3070 464 3202 >invni
487 3135 674 3200 Brundisini
688 3137 958 3221 Pompeianorum
973 3137 1113 3202 militum
1126 3137 1252 3204 iniuriis
1332 3125 1333 3136 ἵ

249 3229 345 3308 atque
363 3225 464 3308 ipsius
479 3224 611 3308 Pompei
626 3225 829 3290 contumeliis
843 3225 982 3310 permoti
997 3224 1143 3290 Caesaris
1157 3227 1251 3292 rebus

218 3313 408 3376 efavebant.
454 3311 568 3396 Itaque
591 3312 723 3397 cognita
746 3313 878 3397 Pompei
901 3311 1100 3396 profectione
1123 3334 1252 3378 concur·

248 3401 395 3464 sentibus
418 3399 483 3464 illis
507 3405 603 3483 atque
626 3401 661 3464 in
683 3422 721 3465 aa
743 3423 777 3466 re
801 3400 965 3484 occupatis
984 3400 1081 3486 vulgo
1101 3423 1139 3466 ex
1158 3402 1251 3466 tectis

247 3488 483 3573 significabunt.
515 3488 577 3552 Per
595 3509 675 3572 quos
693 3511 728 3553 re
747 3487 878 3574 cognita
893 3486 1011 3552 Caesar
1029 3489 1133 3555 scalas
1146 3491 1251 3576 pareri
