2686 4108
430 207 545 264 uranx
561 207 745 265 nemmem
1027 211 1089 274 169
1148 273 1152 284 ‚

80 370 159 424 tatae
199 367 412 438 equitatumque
455 367 562 423 babent
614 367 787 436 Cataloniae,
804 366 918 423 Caesari
932 385 961 424 se
975 369 1090 424 dedunt.

81 438 158 509 (ride
175 437 226 520 b.);
252 438 354 494 cetrati
372 438 432 492 eius
444 438 561 563 grovin-
613 437 647 494 V.
660 437 834 492 Ausetani.

81 508 143 564 cias
173 508 279 564 milites
306 509 416 563 utribus
463 507 560 563 icorim
648 507 799 577 Igilium,
814 509 914 578 I,34,s,
930 509 1090 579 (altegi-

79 580 220 634 tranando
253 578 337 634 facile
364 582 561 634 consectantur
612 577 685 649 lia,)
698 594 787 648 parva
800 577 893 633 insula
907 579 992 634 Maris
1006 580 1090 635 Tusci

81 649 211 706 Caesaris
224 649 419 719 pabulatores3
437 649 467 704 L.
477 649 560 704 Nasi·
614 649 669 703 slta
686 665 774 718 prope
793 649 862 704 litus
875 649 1005 705 Etunae
1019 668 1034 705 e
1048 667 1090 704 re·
1145 659 1146 665 ’

80 719 123 774 dii
148 736 235 774 nares
257 719 414 774 Taurotnte
442 736 474 775 eo
496 736 559 789 pro·
634 719 696 774 'one
733 719 837 774 montis
868 719 1030 789 Argentarii
1061 725 1091 776 et

78 789 206 859 fugiunt,
230 805 293 844 eam
315 806 426 844 omnem
444 790 559 860 Pompei
635 805 701 844 osae
710 789 816 871 oppidi,
828 808 901 846 nunc
913 792 1015 872 Giplio,
1024 808 1090 861 pars

79 861 164 916 rebus
181 861 276 916 farere
294 863 324 915 et
340 861 378 916 M.
393 860 491 929 Varro,
510 860 559 929 qui
611 860 772 930 provinciae
794 861 875 930 regni
893 860 987 916 Itahci
1007 864 1089 918 Gros-

80 930 202 1000 cegnitis
220 931 303 985 rebus
322 931 359 986 ad
372 931 493 986 ilerdam
511 947 558 1000 ge·
610 938 673 986 scta.
687 962 722 972 -
735 931 765 986 L.
774 930 914 987 Domitius
927 931 1089 987 Abenobar·

80 1001 133 1056 stis
147 1001 252 1056 bellum
265 1002 394 1071 perabat,
413 1004 443 1056 st
456 1002 559 1057 Caesar
611 1000 664 1055 bus
691 1001 810 1056 navibus
841 1001 884 1056 ibi
914 1002 1020 1058 coactis
1052 1003 1090 1056 ad

80 1070 237 1142 cognoscis,
253 1071 412 1140 legationes
421 1071 481 1126 eius
491 1071 558 1127 Cae·

80 1141 152 1196 sarie
169 1143 322 1197 adrentum
335 1143 493 1197 Tarracone
513 1158 559 1197 ex·

79 1215 380 1353 spgcssap-tfflterior'
404 1283 425 1350 Ι,
445 1288 487 1351 39,
502 1299 557 1339 as.

79 1356 134 1422 (39,
149 1356 181 1423 ι.)
199 1353 234 1422 Π,
250 1359 292 1421 17,
307 1370 327 1408 1.
341 1356 373 1425 (s.
394 1359 465 1422 18,1.
476 1357 557 1424 s-s.)

80 1431 122 1492 19,
138 1440 149 1479 1
164 1427 244 1493 (s-c.
264 1429 307 1491 91,
320 1425 352 1494 ι),
374 1441 392 1476 a
405 1424 442 1478 M.
456 1424 558 1479 Peren·

78 1493 120 1548 tio
138 1493 263 1549 Varrone
281 1496 311 1548 et
328 1493 365 1548 M.
380 1493 490 1549 Petreio
508 1495 557 1548 ob·

78 1564 193 1633 tinctor,
207 1564 250 1618 ita
262 1563 357 1619 utillo
370 1581 480 1620 omnem
493 1581 556 1634 pro·

77 1634 201 1690 vinciam
214 1635 240 1688 11
253 1633 412 1702 legionibus
430 1637 556 1703 tueatur,

77 1705 210 1760 Afranius
232 1707 262 1760 et
278 1704 405 1760 Petreius
424 1721 458 1760 ex
476 1722 510 1761 ea
529 1708 559 1760 et

77 1776 112 1830 H.
139 1774 268 1831 citeriore
295 1775 403 1830 habent
429 1775 557 1830 cohortes

79 1848 205 1901 scutatas
215 1849 244 1900 et
253 1848 375 1902 cetratas
384 1847 556 1915 fereLXXX,

80 1915 207 1984 equitum
229 1916 255 1970 V
279 1917 371 1982 milia;
399 1917 489 1972 Varro
515 1917 557 1971 ibi

79 1984 249 2040 amicissime
277 1986 312 2040 de
335 1988 455 2042 Caesare
481 1987 556 2042 Iocu-

79 2059 138 2124 tus,
167 2054 246 2110 cuius
267 2056 351 2110 rebus
374 2073 437 2111 carn
461 2057 556 2112 favere

79 2127 262 2195 cognoverat,
279 2126 363 2181 rebus
381 2128 419 2180 ad
436 2127 558 2183 Ilerdam

78 2195 167 2266 gestis
204 2196 385 2266 propensiore
415 2197 446 2252 in
476 2198 557 2253 Pom·

78 2265 174 2390 Heium
195 2267 341 2322 voluntate
364 2267 499 2323 dilectum
516 2269 558 2324 ibi

99 2337 174 2406 abst,
190 2337 339 2407 pecuniam
348 2339 557 2394 attramentnm

78 2407 145 2462 inde
163 2409 252 2478 cogit,
278 2409 308 2464 in
326 2425 378 2464 sua
396 2412 426 2464 et
442 2409 559 2480 Pompei

80 2477 215 2532 verbaius
225 2477 374 2534 iurandum
383 2481 557 2551 eamadigit;

80 2547 183 2602 Caesar
201 2564 234 2603 eo
253 2548 284 2614 Q.
305 2549 432 2604 Cassium
451 2568 515 2606 cum
532 2552 558 2605 II

78 2617 238 2689 legionibus
269 2618 359 2675 mittit
396 2621 558 2690 additisque

77 2687 556 2761 venenislegionibuseiprnefieit

310 2850 327 2918 1

113 2970 283 3040 Iacettni,
309 2971 329 3038 I,
352 2975 482 3044 60,s(a),
508 2974 555 3043 (al.

78 3042 187 3122 Iaucc.,)
205 3058 274 3123 gens
291 3041 446 3124 Hispaniae
464 3043 556 3125 citeri·

76 3128 144 3262 tt
169 3113 557 3253 errassent

78 3251 214 3306 Hiberum
228 3257 257 3308 et
267 3253 384 3309 Sicorim
393 3253 420 3308 fl.
435 3255 556 3323 ethre·

79 3337 166 3376 naeos
183 3327 302 3393 montes,
328 3324 488 3380 continetur
504 3325 556 3379 La-

78 3391 182 3447 letanis
201 3397 230 3447 et
247 3394 419 3464 Cessetanis,
438 3395 556 3464 Illurga-

78 3461 255 3532 vonensibus,
272 3466 447 3535 Ilergetibus,
462 3465 556 3520 Cerre-

78 3533 155 3589 tanis
174 3536 204 3588 et
215 3533 374 3606 Ausetanis,
392 3535 476 3591 hodie
489 3552 555 3606 pass

611 1071 768 1124 Massiliam
801 1073 994 1142 occupandam
1026 1090 1090 1144 pro·

611 1141 752 1196 ficiscitur.
775 1141 809 1197 V.
824 1142 996 1199 Cosanum.

647 1211 1090 1284 Iguvium,I,12,1.s,oppidum

612 1281 1089 1353 (municipium)Umbriasfereme-

612 1353 676 1407 diae
703 1352 733 1405 in
757 1352 975 1423 longitudinem,
1003 1355 1089 1410 situm

611 1423 785 1478 occidentem
793 1439 889 1478 versus
905 1425 982 1479 haud
990 1426 1089 1496 procul

611 1509 629 1547 a
642 1493 768 1548 confiniis
782 1492 919 1562 Etruriae
929 1513 1004 1550 nunc
1014 1497 1089 1552 Gab-

611 1564 1088 1634 biooppidumprorineiaePssorc-

610 1636 749 1691 ambico
763 1633 843 1704 regui
856 1635 957 1690 Italici.
974 1667 1008 1678 -
1021 1636 1088 1702 AQ.

610 1704 733 1760 Minucio
743 1705 862 1760 Thermo
872 1709 1001 1774 praetore
1010 1706 1087 1760 iussu

610 1775 726 1844 Pompei
749 1777 795 1847 [eo
820 1775 939 1830 dilectus
966 1777 1090 1832 habendi

610 1862 696 1900 causa
713 1845 811 1917 misso]
830 1846 856 1900 V
870 1845 1032 1901 cohortibus
1048 1850 1090 1902 te-

609 1918 704 1984 netur,
728 1933 784 1985 qua
801 1932 831 1970 re
851 1916 953 1971 Caesar
970 1917 1088 1972 Arimini

610 1985 724 2056 cognita
738 2004 801 2040 cum
813 1986 841 2042 Ο.
852 1986 1027 2042 Scribonium
1037 1989 1090 2044 Cu-

609 2056 717 2112 monem
744 2073 776 2112 eo
806 2057 931 2112 misisset
957 2077 1021 2112 cum
1048 2060 1088 2113 III

610 2127 784 2196 cohortibus,
807 2127 856 2182 ille
877 2129 1015 2198 profugit,
1042 2129 1089 2183 hic

610 2197 712 2268 recipit
724 2199 745 2252 I.
760 2229 794 2240 -
808 2198 876 2252 Eius
890 2198 1000 2254 incolae

645 2267 795 2338 Iguvini,
808 2268 847 2324 ib.
855 2269 1027 2325 1.-Caesar
1040 2288 1088 2340 op·

609 2338 710 2393 timam
728 2356 823 2394 eorum
841 2356 909 2409 erga
923 2357 953 2394 se
966 2357 1028 2394 esse
1041 2358 1089 2395 ro·

610 2409 750 2464 luntatem
764 2410 909 2480 cognoscit
921 2413 958 2480 (r.
969 2413 1072 2481 supra).

646 2480 773 2548 Ilerda,
794 2481 815 2549 1,
830 2487 873 2548 38,
882 2497 904 2534 s.
922 2482 1032 2551 (40.-)
1045 2487 1089 2549 41,

611 2566 631 2606 a.
650 2556 694 2619 49,
709 2568 729 2606 1.
748 2556 790 2618 45,
806 2567 824 2606 1.
840 2566 859 2605 a.
875 2553 906 2621 (s.
917 2567 937 2606 ι.
956 2555 999 2618 46,
1010 2567 1030 2605 s.
1044 2557 1089 2620 47,

610 2622 643 2691 a)
661 2626 704 2690 48,
718 2635 739 2676 5.
757 2626 801 2690 49,
816 2637 836 2675 s.
847 2622 903 2692 (-)
922 2626 994 2689 56,1.
1014 2627 1057 2690 59,
1068 2639 1087 2678 1.
1201 2651 1204 2658 ,

611 2697 654 2760 63,
668 2708 688 2747 1.
713 2697 791 2758 69,1.
816 2696 893 2759 73,e.
917 2697 1030 2759 78,1.s.
1054 2693 1089 2761 H,

610 2767 653 2830 17,
666 2779 688 2830 s,
713 2761 848 2830 oppidum
871 2760 1026 2832 Hispaniae
1048 2763 1089 2817 oi·

609 2831 720 2886 terioris
730 2833 913 2902 (Uergetum),
927 2831 1012 2886 situm
1026 2849 1088 2904 sep·

609 2902 778 2958 tentrionem
804 2919 901 2957 versus
924 2902 960 2957 ab
982 2903 1089 2958 Hibero

609 2973 636 3028 fl.
650 2972 681 3026 in
694 2973 794 3027 dextra
808 2971 872 3042 ripa
886 2971 996 3042 Sicoris,
1014 2991 1088 3028 nuno

609 3044 729 3111 Laride,
764 3042 899 3113 oppidum
934 3043 1088 3098 munitissi-

609 3132 686 3168 mum
696 3113 860 3168 Gataloniae
874 3113 1043 3184 provinciae.
1054 3145 1087 3154 —

609 3185 647 3238 Et
677 3183 809 3238 Afranius
839 3183 1021 3252 Petreiusque
1060 3187 1089 3238 et

610 3255 713 3309 Caesar
740 3270 773 3309 eo
803 3253 1016 3325 proficiscuntur
1042 3271 1088 3308 ca·

610 3324 730 3392 atrisque
739 3323 890 3395 ibipositis
899 3323 1088 3394 compluribus

609 3394 723 3466 proeliis
750 3394 825 3450 iuter
849 3411 879 3450 se
907 3394 1087 3462 contendunt,

609 3464 730 3520 maxime
739 3482 789 3535 pro
803 3465 912 3520 tumulo
928 3464 1088 3519 feremedic

609 3535 669 3591 eius
682 3535 824 3607 planiciei,
843 3551 916 3606 quae
937 3538 998 3590 erat
1015 3535 1089 3591 inter·
