2740 4128
376 204 489 260 OOMM.
508 205 529 260 Ι.
562 205 637 261 CAP.
657 207 854 264 XV-XVHII.
1076 211 1116 274 11

108 369 227 431 cupere
250 369 288 411 ea
310 347 430 432 facere,
453 369 534 432 quae
554 349 666 434 vellet,
689 350 745 414 sed
768 372 788 414 a
806 349 841 426 Q.
860 349 1012 416 Lucretio
1031 375 1121 418 sena·

108 440 180 499 tore
204 439 237 499 et
259 435 354 499 Attio
377 435 533 522 Paeligno
556 437 736 521 prohiberi,
759 439 814 521 qui
837 439 870 502 id
893 439 1047 523 oppidum
1070 459 1120 505 vir

107 522 295 588 cohortium
316 524 478 607 praesidio
502 526 665 590 tenebant.
696 525 802 590 Mittit
821 548 859 591 eo
878 525 920 590 M.
939 526 1149 592 Antoniuma

106 633 184 675 cum
210 611 349 696 legionis
378 631 452 675 xm.
480 613 668 678 cohortibus
692 633 723 677 v.
753 611 994 699 Sulmonenses
1022 615 1119 680 simul

107 702 207 782 atque
236 699 329 784 signa
355 703 470 764 nostra
496 701 659 785 viderunt,
685 705 797 784 portas
828 707 1022 786 aperuerunt
1050 703 1119 768 uni·

105 787 271 872 versique,
298 791 331 850 et
359 788 512 873 oppidani
540 793 573 853 et
599 789 733 875 milites,
761 789 890 854 obviam
918 791 1118 876 gratulantes

105 874 255 938 Antonio
286 875 441 940 exierunt.
486 875 657 940 Lueretius
684 881 717 940 et
744 877 857 942 Attius
888 879 926 942 de
958 901 1050 943 muro
1084 895 1148 944 sea

105 963 302 1028 deiecerunt.
335 962 447 1028 Attius
471 965 511 1028 ad
529 965 711 1029 Antonium
730 965 884 1030 deductus
902 967 1000 1050 petit,
1022 971 1060 1032 ut
1079 967 1119 1032 ad

106 1051 281 1116 Caesarem
317 1051 510 1116 mitteretur.
554 1051 717 1116 Antonius
750 1075 823 1117 cum
860 1054 1049 1120 cohortibus
1085 1060 1119 1119 et

105 1139 203 1204 Attio
223 1139 336 1203 eodem
354 1140 419 1224 die,
437 1161 501 1222 quo
515 1141 680 1224 profectus
696 1144 775 1225 erat,
792 1143 973 1206 revertitur.
1000 1140 1148 1207 Caesare

105 1250 162 1292 eas
194 1226 344 1292 cohortes
374 1249 447 1292 oum
475 1228 617 1292 exercitu
644 1249 703 1292 sno
732 1229 899 1293 coniunxit
925 1229 1117 1314 Attiumque

104 1316 304 1380 incolumem
318 1315 449 1379 dimisit.
474 1313 592 1380 Caesar
605 1316 718 1400 primis
734 1316 846 1381 diebus
866 1322 972 1382 castra
990 1317 1117 1402 magnis

106 1403 261 1489 operibus
284 1403 408 1467 munire
433 1407 466 1466 et
489 1425 527 1467 ex
549 1403 697 1468 finitimis
715 1404 900 1488 municipiis
919 1405 1118 1470 frumentum

104 1495 312 1576 comportare
330 1491 535 1574 reliquasque
554 1491 663 1575 copias
682 1496 868 1574 exspectare
886 1492 1039 1556 instituit.
1066 1493 1148 1558 Eoo

106 1580 218 1644 triduo
244 1579 330 1664 legio
354 1597 425 1643 vm.
449 1579 490 1642 ad
513 1601 587 1643 eum
609 1579 698 1644 venit
721 1579 934 1662 cohortesque
962 1602 1002 1644 ex
1023 1581 1117 1646 novis

107 1667 236 1732 Galliae
259 1666 429 1730 dilectibus
452 1685 526 1730 xxn
550 1666 737 1750 equitesque
760 1667 801 1730 ab
824 1689 900 1752 rege
914 1666 1035 1732 Norico
1059 1669 1118 1734 cir·

106 1756 189 1820 citer
213 1771 286 1820 occ.
332 1753 475 1829 Quorum
500 1754 639 1818 adventu
663 1754 765 1818 altera
787 1759 894 1819 castra
919 1757 959 1820 ad
982 1756 1117 1823 alteram

106 1843 218 1928 oppidi
246 1846 373 1927 partem
399 1843 506 1927 ponit,
534 1842 586 1906 his
614 1842 730 1906 castris
754 1842 927 1908 Curionem
952 1844 1116 1928 praefecit.

105 1930 256 2015 Reliquis
271 1930 383 1994 diebus
398 1931 552 2014 oppidum
566 1930 652 1994 vallo
667 1931 871 2014 castellisque
887 1933 1116 1997 circumvenire
1132 1951 1147 1998 6

106 2019 261 2084 instituit.
307 2014 406 2082 Cuius
435 2018 541 2101 operis
569 2019 710 2082 maxima
738 2023 830 2102 parte
861 2020 975 2085 effecta
1004 2021 1117 2086 eodem

105 2108 172 2172 fere
195 2113 344 2189 tempore
367 2105 459 2170 missi
482 2129 501 2170 a
523 2105 679 2190 Pompeio
702 2111 916 2172 revertuntur.

172 2193 314 2260 XVIIH.
345 2192 480 2258 Litteris
498 2194 649 2277 perlectis
668 2193 832 2259 Domitius
857 2195 1063 2262 dissimulans
1081 2197 1117 2260 in
1132 2212 1146 2260 1

106 2283 245 2348 consilio
268 2281 471 2366 pronuntiat,
494 2281 685 2366 Pompeium
708 2283 854 2347 celeriter
876 2284 1021 2348 subsidio
1044 2307 1117 2349 ven·

106 2377 231 2452 turum,
253 2369 467 2453 hortaturque
490 2391 559 2454 eos,
580 2392 620 2434 ne
644 2371 752 2434 animo
776 2370 941 2456 deficiant,
971 2394 1116 2455 quaeque

108 2457 182 2522 usui
205 2457 246 2520 ad
269 2457 501 2522 defendendum
524 2458 678 2542 oppidum.
701 2457 780 2543 sint,
806 2463 930 2542 parent.
970 2458 1045 2544 Ipse
1068 2475 1146 2523 ara

105 2566 188 2611 cano
213 2566 286 2608 cum
313 2547 424 2628 paucis
451 2545 666 2610 familiaribus
694 2545 761 2610 suis
789 2547 985 2629 colloquitur
1014 2547 1117 2611 consi-

105 2635 251 2716 liumque
274 2631 371 2716 fugae
395 2655 509 2718 capere
533 2633 713 2699 const‘tuit.
744 2631 826 2698 (lum
849 2635 959 2698 vultus
977 2633 1146 2699 Domitiia

104 2745 180 2786 cum
204 2719 350 2785 oratione
376 2741 442 2785 non
470 2722 666 2786 consentiret
694 2726 791 2805 atque
820 2723 928 2786 omnia
956 2723 1117 2806 trepidan-

105 2810 172 2875 tius
207 2807 417 2890 timidiusque
454 2815 578 2896 ageret,
614 2831 711 2894 quam
748 2810 969 2894 superioribus
1003 2811 1115 2876 diebus

105 2900 309 2981 consuesset,
331 2895 534 2979 multumque
558 2920 632 2962 cum
654 2899 721 2963 suis
741 2897 931 2962 consiliandi
955 2921 1052 2964 eausa
1070 2921 1117 2964 se·

104 2991 194 3051 creto
228 2989 358 3071 praeter
394 2986 657 3050 consuetudinem
694 2985 944 3072 colloqueretur,
980 2987 1117 3052 eoncilia

105 3080 348 3158 conventusque
370 3071 539 3136 hominum
562 3074 703 3160 fugeret,
724 3096 775 3139 res
795 3075 916 3140 diutius
937 3075 1006 3160 tegi
1025 3076 1116 3140 dissi·

45 3195 49 3200 ·
107 3159 286 3245 mutarique
314 3181 382 3226 non
413 3161 530 3245 potuit.
574 3161 747 3246 Pompeius
780 3163 866 3227 enim
897 3164 1148 3249 rescripserat,4

107 3265 177 3309 sese
213 3271 281 3314 rem
316 3249 352 3313 in
390 3270 553 3314 summum
586 3251 766 3334 periculum
802 3250 1014 3315 deducturum
1049 3272 1117 3316 non

107 3352 192 3416 esse,
222 3357 324 3421 neque
352 3357 411 3402 suo
440 3336 575 3402 consilio
599 3343 656 3402 aut
682 3339 849 3403 voluntate
872 3338 1054 3403 Domitium
1082 3361 1116 3405 se

108 3418 144 3480 in
175 3423 326 3504 oppidum
364 3423 542 3490 Corfinium
577 3426 765 3491 contulisse:
803 3426 952 3512 proinde,
988 3425 1016 3490 si
1053 3447 1117 3510 qua

108 3505 225 3570 fuisset
252 3510 404 3600 facultas,
436 3515 476 3578 ad
506 3535 539 3578 se
569 3533 644 3578 omn
673 3514 822 3582 omnibus
852 3514 954 3600 copiis
983 3515 1116 3580 veniret.
