2746 4120
364 211 477 266 COMM.
495 209 542 266 ΠΙ.
574 209 651 266 ΟΑΡ.
670 208 899 265 LXHl--LXVIL
1070 208 1134 275 107

125 355 229 419 multo
243 359 320 440 post
333 351 453 419 Caesar
466 353 703 440 significatione
715 373 775 438 per
788 352 922 417 castella
934 351 1025 418 fumo
1038 352 1136 439 facta,

125 447 255 507 uteret
278 442 453 527 superioris
476 441 631 526 temporis
655 440 867 526 consuetudo,
894 439 1039 506 deductis
1067 441 1135 526 qui·

124 530 262 595 busdam
280 530 471 596 cohortibus
489 552 529 594 ex
545 529 715 614 praesidiis
738 529 852 594 eodem
869 528 966 594 venit.
1003 527 1066 605 Qui
1084 545 1165 594 cos

123 621 217 704 guito
236 618 430 684 detrimento
449 639 523 683 cum
541 617 822 682 animadvertisset
834 616 1025 702 Pompeium
1042 621 1135 682 extra

124 705 322 771 munitiones
350 727 530 792 egressum,
560 709 599 769 ut
624 705 724 770 libere
753 705 903 790 pabulari
931 709 1044 789 posset
1074 726 1134 770 nec

124 794 232 858 minus
247 794 370 859 aditum
384 793 521 858 navibus
534 793 678 878 haberet,
694 797 895 858 commutata
908 793 1034 857 ratione
1047 793 1135 878 belli,

122 881 279 966 quoniam
305 882 510 966 propositum
536 902 604 945 non
629 885 792 966 tenuerat,
823 885 931 946 castra
957 881 1132 946 secundum

124 991 213 1034 mare
234 969 327 1034 iuxta
348 969 540 1054 Pompeium
563 967 688 1033 munire
710 969 814 1033 iussit.

190 1056 307 1121 LXVI.
341 1055 412 1133 Qua
432 1056 578 1142 perlecta
599 1056 778 1121 munitione
802 1057 1061 1122 animadversum
1083 1060 1163 1121 estl

122 1167 144 1209 a
160 1145 418 1229 speculatoribus
438 1142 599 1230 Caesaris,
623 1144 772 1210 cohortes
792 1145 960 1230 quasdem,
983 1144 1070 1228 quod
1086 1144 1134 1208 in-

124 1235 193 1296 star
214 1233 353 1319 legionis
376 1233 552 1317 rideretur,
578 1254 649 1297 esse
671 1236 747 1316 post
774 1233 888 1297 silvam
911 1233 1002 1297 etin
1024 1236 1134 1298 vetera

121 1323 232 1386 castra
259 1321 340 1386 duci.
382 1318 572 1385 (lastrorum
598 1320 652 1385 hic
680 1320 763 1384 situs
787 1324 865 1384 erat.
906 1318 1164 1405 Superioribuss

121 1407 238 1473 diebus
264 1430 351 1473 nona
378 1406 525 1474 Caesaris
552 1408 653 1494 legio,
680 1430 754 1473 cum
781 1429 815 1473 se
842 1407 1014 1473 obiecisset
1038 1407 1134 1473 Pom-

122 1496 247 1580 peianis
267 1496 369 1581 copiis
383 1500 481 1580 atque
498 1518 608 1582 opere,
624 1500 662 1560 ut
676 1495 981 1582 demonstravimus,
999 1496 1134 1562 circum-

122 1584 278 1670 munirot,
300 1589 408 1650 castra
430 1605 469 1649 eo
488 1583 698 1669 loco-posuit.
730 1583 820 1649 Haec
838 1583 954 1648 silvam
972 1585 1163 1667 quendams

120 1672 357 1759 contingebant
377 1693 482 1756 neque
504 1672 635 1758 longius
663 1672 787 1736 amari
813 1672 963 1756 passibus
986 1689 1050 1737 ccc
1078 1673 1133 1736 ab·

120 1765 224 1825 erant.
255 1760 336 1826 Post
354 1764 481 1826 mutato
501 1759 636 1825 consilio
656 1759 849 1843 quibusdam
871 1760 910 1823 de
933 1759 1039 1824 causis
1056 1757 1163 1825 (lae-4

122 1870 177 1913 sar
194 1849 292 1932 paulo
309 1848 397 1913 ultra
415 1870 489 1913 cum
506 1848 615 1912 locum
629 1852 737 1912 castra
753 1847 935 1932 transtulit,
956 1847 1133 1932 paucisque

122 1935 316 2000 intermissis
331 1936 443 2001 diebus
459 1936 570 2001 eadem
579 1935 753 2020 Pompeius
768 1939 980 2020 occupaverat
990 1940 1032 2020 et,
1046 1936 1132 2020 quod

121 2043 163 2087 eo
180 2022 253 2087 loco
270 2023 379 2107 plures
398 2029 469 2090 erat
483 2024 629 2110 legiones
643 2021 825 2110 habiturus,
845 2023 958 2089 relicto
977 2023 1131 2088 interiore

124 2110 210 2175 vallo
228 2111 383 2176 maiorem
397 2113 558 2178 adiecerat
575 2112 798 2178 munitionem.
821 2113 874 2177 Its
887 2111 1012 2176 minora
1026 2117 1132 2177 castra
1146 2129 1162 2178 5

122 2197 249 2264 inclusa
274 2200 451 2265 maioribus
482 2200 607 2266 castelli
635 2205 732 2284 atque
762 2200 845 2265 arcis
876 2200 984 2264 locum
1007 2200 1131 2264 obtine

123 2285 212 2351 bant.
247 2286 332 2353 Item
350 2289 391 2352 ab
415 2289 535 2374 angulo
558 2293 740 2354 castrorum
762 2288 894 2353 sinistro
917 2287 1162 2354 munitioncmc

121 2375 165 2439 cll
186 2374 308 2440 flumen
322 2376 516 2461 perduxerat
534 2376 662 2441 circiter
680 2397 836 2460 passuum
854 2392 953 2460 cccc,
972 2396 1036 2458 quo
1054 2375 1132 2438 libe-

122 2463 191 2528 rius
214 2484 234 2527 a
256 2463 399 2548 periculo
418 2463 538 2528 milites
558 2469 762 2548 aquarentur.
790 2462 854 2529 Sed
871 2464 900 2527 is
919 2483 1046 2545 quoque
1064 2479 1162 2528 mus

121 2554 194 2616 tato
217 2552 352 2616 oonsilio
376 2551 570 2636 quibusdam
588 2552 626 2616 de
645 2552 763 2637 causis,
786 2571 867 2636 quas
887 2550 1132 2615 commemorari

121 2659 253 2703 necesse
279 2659 346 2702 non
372 2645 435 2726 est,
466 2661 504 2705 eo
531 2639 604 2705 loco
632 2644 820 2704 excesserat.
867 2637 920 2702 Ita
951 2638 1132 2721 complures

120 2726 191 2790 <lies
214 2732 400 2792 manserunt
423 2732 543 2814 castra3
570 2728 766 2793 munitiones
794 2726 925 2812 quidem
951 2747 1062 2790 omnes
1084 2725 1132 2790 in-

121 2819 234 2900 tegrae
258 2819 360 2879 erant.

187 2899 322 2966 LXVII.
353 2901 404 2967 Eo
427 2903 522 2990 signo
544 2904 683 2991 legionis
706 2903 797 2967 illato
817 2902 1035 2987 speculatores
1054 2901 1160 2967 (laer

121 2989 188 3054 sari
215 2990 450 3056 renuntiarunt.
495 2992 567 3058 Hoc
596 2993 681 3056 idem
708 2990 813 3055 visum
841 3012 881 3054 ex
911 2990 1131 3075 superioribus

123 3077 316 3160 quibusdam
339 3079 481 3145 castellis
505 3081 782 3145 confirmavenmt.
814 3078 848 3143 Is
867 3079 958 3143 locus
981 3079 1094 3143 aberat
1111 3094 1161 3143 as

122 3165 215 3230 novis
232 3163 368 3252 Pompei
391 3167 506 3233 castris
524 3167 653 3232 circiter
669 3188 783 3252 passus
802 3166 1006 3254 quingentos.
1037 3164 1132 3231 Hanc

122 3251 285 3337 legionem
302 3277 434 3341 sperans
450 3253 568 3320 (laesor
586 3276 620 3320 se
635 3255 816 3340 opprimere
828 3277 925 3340 posse
943 3258 976 3319 et
999 3253 1131 3337 cupiens

122 3338 193 3404 eius
215 3341 278 3406 diei
296 3343 525 3409 detrimentum
544 3343 662 3408 sarcire
676 3342 809 3426 reliquit
821 3342 856 3407 in
870 3364 966 3428 opere
981 3340 1131 3406 cohortes

122 3427 213 3513 duas,
231 3450 311 3514 quae
330 3432 468 3517 speciem
486 3430 676 3496 munitionis
694 3431 899 3517 praeberent;
916 3431 985 3514 ipse
1004 3428 1161 3495 diversos

121 3515 252 3602 itinere,
284 3540 379 3601 quam
405 3519 514 3604 potuit
540 3518 771 3606 occultissime,
805 3519 947 3604 reliquas
979 3515 1131 3583 cohortes
