2706 4122
236 199 300 264 100
566 199 594 254 C.
614 199 784 254 SALLUSTI
803 199 916 255 ORISPI

234 348 376 410 aetatem
398 345 434 409 in
457 345 601 430 optumis
625 345 751 409 artibus
775 345 842 430 egi,
871 344 953 409 bene
981 343 1086 409 facere
1114 343 1180 408 iarn
1204 365 1244 408 ex

234 433 466 499 consuetudine
489 433 525 498 in
546 437 698 498 naturam
721 433 832 498 vortit.

183 536 214 584 ιο
299 521 429 587 Bellum
455 543 507 586 me
531 541 642 608 gerere
670 544 744 587 cum
767 520 929 607 Iugurtha
955 520 1112 604 iussistis,
1145 541 1245 604 quarn

233 632 302 675 rem
324 611 481 676 nobilitas
505 631 693 697 aegerrume
716 609 802 676 tulit.
844 631 974 694 quaeso,
996 613 1145 694 reputata
1169 630 1245 674 cum

234 699 350 764 animis
373 699 503 782 vostris,
525 720 604 763 num
626 699 661 763 id
679 703 806 764 mutare
829 698 945 763 melius
965 697 1018 782 sit,
1041 697 1069 762 si
1088 719 1186 782 quam
1204 719 1244 762 ex

233 788 290 852 illo
315 787 414 873 globo
436 787 621 852 nobilitatis
645 787 771 853 adhoc
794 791 852 851 aut
874 786 962 852 aliud
984 786 1050 851 tale
1073 786 1245 872 negotium

233 875 384 958 mittatis,
401 875 568 940 hominem
585 875 705 940 veteris
724 875 894 960 prosapiae
914 897 952 940 ac
970 874 1147 940 multarum
1165 874 1245 939 ima·

233 965 346 1050 ginum
364 967 398 1028 et
414 964 536 1028 nullius
556 964 712 1048 stipendi:
735 963 861 1029 scilicet
878 967 916 1028 ut
934 964 969 1028 in
987 967 1081 1028 tanta
1098 985 1133 1028 re
1153 961 1246 1049 igna

232 1075 288 1117 rus
312 1052 458 1117 omnium
480 1052 623 1136 trepidet
644 1051 792 1138 festinet,
819 1055 928 1117 sumat
956 1051 1099 1136 aliquem
1126 1072 1165 1116 ex
1187 1073 1247 1136 po-

185 1154 212 1202 11
231 1142 309 1226 pulo
333 1141 529 1205 monitorem
553 1139 641 1206 offici
665 1141 724 1205 sui.
768 1141 817 1205 ita
838 1141 1029 1225 plerumque
1052 1140 1173 1224 evenit,
1196 1145 1248 1226 ut,

234 1251 330 1313 quem
357 1250 415 1293 vos
442 1229 603 1313 imperare
632 1229 789 1314 iussistis,
821 1228 850 1292 is
877 1229 1110 1314 imperatorem
1141 1228 1247 1293 alium

184 1332 213 1380 ra
233 1320 377 1402 quaerat.
410 1319 508 1400 atque
527 1337 588 1403 ego
608 1318 685 1400 scio,
705 1317 859 1402 Quirites,
882 1317 947 1402 qui,
969 1321 1146 1402 postquam
1169 1339 1247 1382 con-

233 1406 319 1470 sules
343 1405 423 1470 lacti
447 1408 532 1490 sunt,
555 1409 590 1469 et
613 1409 687 1471 acta
710 1406 870 1470 maiorum
893 1409 927 1470 et
942 1403 1142 1470 Graecorum
1160 1405 1249 1470 mili-

232 1495 317 1559 taria
338 1497 513 1578 praecepta
534 1493 642 1579 legere
661 1493 841 1576 coeperint:
863 1493 1067 1577 praeposteri
1084 1493 1247 1578 homines,

231 1605 308 1648 nam
335 1603 447 1668 gerere
475 1603 573 1666 quam
600 1581 671 1645 fieri
699 1585 846 1665 tempore
868 1581 1049 1667 posterius,
1079 1604 1115 1646 re
1144 1585 1247 1667 atque

183 1686 212 1733 13
231 1693 293 1735 usu
315 1671 405 1756 prius
429 1674 488 1734 est.
521 1674 696 1754 conparate
718 1692 813 1755 nunc,
837 1668 990 1754 Quirites,
1013 1691 1087 1735 cum
1110 1670 1249 1736 illorum

232 1759 384 1844 superbia
417 1780 469 1823 me
496 1759 662 1823 hominem
697 1780 825 1823 novom.
880 1780 962 1842 quaa
990 1757 1040 1822 illi
1068 1759 1179 1823 audire
1211 1764 1249 1825 et

231 1849 338 1932 legere
362 1847 482 1932 solent,
505 1869 617 1912 eorum
639 1851 768 1931 partem
789 1846 869 1930 vidi,
897 1846 961 1910 alia
988 1851 1119 1947 egomet
1142 1849 1248 1934 gessi3

184 1951 213 2000 14
233 1957 315 2020 quae
338 1935 387 2000 illi
411 1935 546 2019 litteris,
573 1957 612 1999 ea
639 1955 700 2020 ego
723 1935 894 2000 militando
922 1934 1029 2000 didici.
1074 1956 1161 2000 nunc
1184 1957 1247 2002 ros

232 2024 440 2106 existumem,
472 2021 560 2087 facta
593 2045 635 2086 an
662 2023 750 2088 dicta
776 2023 879 2107 pluris
908 2022 983 2088 sint
1029 2027 1248 2090 contemnunt

230 2112 413 2178 novitatem
431 2132 547 2194 meam,
569 2131 630 2196 ego
649 2110 781 2176 illorum
799 2111 978 2196 ignaviam,
1001 2111 1083 2176 mihi
1101 2111 1248 2198 fortuna,

181 2217 212 2265 lo
230 2201 297 2265 illis
311 2199 433 2285 probra
447 2198 661 2264 oblectantur.
685 2220 882 2282 quamquam
897 2219 958 2285 ego
972 2203 1125 2265 naturam
1143 2223 1248 2267 unam

232 2293 265 2353 et
296 2309 502 2353 communem
532 2287 679 2352 omnium
713 2287 888 2372 existumo,
925 2287 981 2352 sed
1015 2287 1248 2355 fortissumum

182 2393 212 2442 le
232 2397 392 2461 quemque
415 2375 720 2461 generosissumum.
753 2397 790 2441 ac
813 2375 842 2439 si
864 2375 932 2439 iam
954 2397 994 2440 ex
1016 2377 1168 2460 patribus
1190 2377 1248 2443 Al·

231 2464 301 2529 bini
324 2468 382 2528 aut
403 2463 535 2528 Bestiae
559 2463 672 2547 quaeri
693 2467 821 2548 posset,
849 2485 942 2529 mene
973 2486 1015 2528 an
1037 2465 1113 2530 illos
1141 2487 1183 2530 ex
1211 2489 1247 2532 se
1339 2539 1340 2542 Ἴ

232 2551 324 2639 gigni
351 2551 540 2636 maluerint,
568 2551 646 2634 quid
673 2572 885 2636 responsuros
914 2551 1046 2617 creditis
1079 2553 1146 2617 nisi
1174 2576 1247 2620 sese
1339 2553 1340 2607 l

182 2657 212 2705 17
231 2641 352 2705 liberos
377 2661 475 2723 quam
498 2643 651 2724 optumos
674 2640 838 2704 voluisse?
862 2641 949 2723 quod
972 2641 1001 2704 si
1023 2641 1093 2705 iure
1117 2664 1170 2708 me
1195 2644 1249 2709 de

233 2729 384 2813 spiciunt,
402 2727 526 2792 faciant
544 2728 630 2792 idem
649 2727 826 2792 maioribus
846 2729 922 2812 suis,
942 2728 1071 2812 quibus,
1088 2729 1140 2794 uti
1154 2731 1248 2817 mihi,

183 2833 213 2881 18
232 2839 272 2881 ex
290 2817 412 2881 virtute
430 2815 586 2880 nobilitas
606 2815 722 2899 coepit.
754 2815 899 2880 invident
917 2815 1035 2880 honori
1053 2839 1142 2882 meo:
1166 2841 1247 2905 ergo
1338 2853 1339 2889 l

231 2904 399 2970 invideant
412 2903 518 2968 labori
531 2903 744 2988 innocentiae,
757 2903 908 2988 periculis
923 2904 1024 2968 etiam
1038 2906 1131 2990 meis,
1145 2929 1249 2991 quon·

183 3010 212 3058 19
231 2995 299 3058 iam
329 3013 388 3076 per
414 2993 494 3056 haec
521 2992 615 3056 illum
648 2992 727 3076 capi.
776 3012 888 3055 verum
914 2991 1064 3058 homines
1092 2998 1248 3081 conrupti

233 3080 385 3165 superbia
416 3080 464 3144 ita
496 3084 637 3145 aetatem
665 3084 781 3166 agunt,
813 3079 907 3164 quasi
938 3084 1069 3146 vostros
1102 3083 1247 3150 honores

233 3173 457 3252 contemnant,
493 3168 541 3231 ita
567 3169 627 3232 hos
654 3173 784 3253 petunt,
817 3168 910 3252 quasi
932 3168 1070 3234 honeste
1094 3171 1247 3239 vixerint.

181 3275 214 3323 ao
231 3279 272 3323 ne
298 3256 350 3320 illi
377 3255 454 3320 falsi
481 3260 571 3340 sunt,
601 3256 657 3340 qui
684 3256 933 3322 divorsissumas
961 3279 1013 3322 res
1040 3259 1168 3343 pariter
1196 3284 1248 3326 ex·
1336 3293 1337 3326 l

180 3363 212 3411 21
232 3347 375 3432 pectant,
398 3344 547 3428 ignaviae
570 3345 773 3426 voluptatem
796 3349 830 3408 et
852 3345 998 3429 praemia
1021 3346 1167 3414 virtutis.
1201 3356 1248 3416 at

233 3455 295 3518 que
318 3433 427 3515 etiam,
450 3454 524 3496 curn
547 3432 632 3515 apud
656 3453 712 3496 vos
731 3434 840 3496 autin
859 3438 973 3497 senatu
992 3436 1093 3502 verba
1111 3437 1248 3523 faciunt,

233 3523 386 3604 pleraque
406 3520 553 3585 oratione
573 3521 711 3584 maiores
732 3542 807 3584 suos
822 3521 997 3586 extollunt:
1017 3544 1131 3590 eorum
1145 3526 1247 3592 fortia
