2754 4124
236 171 300 235 112
601 173 708 228 BELLI
726 173 871 229 GALLICI

234 315 316 380 saris
342 315 541 399 intercessit,
569 316 648 400 quin
674 316 816 401 aliquem
844 316 883 381 de
910 318 1053 382 consiliis
1082 339 1119 383 ac
1149 322 1245 383 motu

199 421 215 469 o
234 401 404 468 Gallorum
425 403 576 467 nuntium
599 404 766 488 acciperet.
805 404 846 468 In
867 404 919 469 his
942 404 984 470 ab
1002 405 1102 470 Lucio
1121 405 1244 470 Roscio
1352 453 1353 470 ι

234 493 442 574 [quaestore]‚
465 512 561 574 quem
583 491 706 577 legioni
728 491 844 556 tertiae
868 492 1009 557 decimae
1031 493 1244 578 praefecerat,

233 579 352 644 certior
373 579 479 643 factus
502 582 561 661 est,
584 600 718 663 magnas
738 578 907 644 Gallorum
931 581 1040 664 copias
1063 602 1175 646 earum
1198 581 1242 646 ci-

231 667 380 748 vitatum,
399 688 481 750 quae
499 665 706 732 Aremoricae
725 658 940 768 appellantur,
963 667 1172 754 oppugnandi
1192 669 1245 732 sui
1353 679 1354 686 ’

198 773 213 821 ι
233 776 330 820 causa
348 754 536 820 convenisse
553 776 657 840 neque
676 756 806 840 longius
825 755 916 820 milia
934 777 1088 840 passuum
1108 759 1182 822 octo
1198 757 1241 821 ab

231 843 376 907 hibernis
385 842 451 907 suis
459 841 588 925 afuisse,
598 843 655 908 sed
663 843 777 908 nuntio
788 843 889 908 allato
900 843 939 907 de
948 843 1085 909 victoria
1093 842 1245 909 Caesaris

233 930 431 1012 discessisse,
459 929 538 994 adeo
561 934 599 994 ut
620 929 718 1016 fugae
741 931 858 995 similis
881 931 1041 996 discessus
1067 931 1244 997 videretur.

199 1038 211 1083 1
319 1017 421 1082 LIIII.
447 1020 493 1081 At
512 1015 632 1083 (laesor
648 1019 848 1103 principibus
867 1019 1020 1102 cuiusque
1039 1019 1181 1086 civitatis
1201 1020 1245 1084 ad

232 1128 266 1170 se
285 1106 427 1171 avocatis
447 1105 528 1170 alias
547 1105 736 1188 territando,
759 1128 832 1171 cum
851 1127 885 1171 se
904 1106 994 1190 scire,
1017 1129 1100 1190 quae
1117 1107 1244 1192 fierent,

232 1193 445 1275 denuntiaret,
469 1193 551 1256 alias
575 1193 773 1258 cohortando
796 1215 950 1280 magnam
968 1200 1096 1278 partem
1116 1193 1244 1259 Galliae
1355 1205 1356 1218 ¹

196 1283 265 1347 ain
288 1281 395 1346 officio
413 1281 529 1346 tenuit.
569 1280 692 1346 Tamen
713 1279 865 1364 Senones,
888 1303 970 1366 quae
993 1286 1045 1346 est
1066 1283 1183 1348 civitas
1206 1283 1244 1346 in

230 1369 345 1454 primis
367 1369 462 1433 firma
486 1373 519 1433 et
542 1390 680 1454 magnae
702 1369 787 1432 inter
806 1369 919 1434 Gallos
943 1369 1158 1454 auctoritatis,
1181 1367 1243 1435 Oa·

230 1457 393 1539 verinum,
421 1479 517 1540 quem
546 1453 664 1521 Caesar
692 1456 778 1540 apud
805 1478 860 1522 eos
883 1479 994 1542 regem
1017 1458 1243 1542 constituerat,

230 1545 321 1610 cuius
348 1544 450 1609 frater
471 1543 671 1629 Moritasgus
699 1543 839 1609 adventu
866 1544 901 1608 in
924 1545 1068 1609 Galliam
1091 1544 1242 1610 (laeseris

230 1632 384 1716 cuiusque
412 1632 551 1696 maiores
574 1653 711 1717 regnum
735 1631 953 1715 obtinuerant,
979 1633 1160 1697 interficere
1182 1656 1242 1718 pu·

230 1720 316 1786 blico
331 1719 467 1785 consilio
482 1719 599 1803 conati,
617 1741 690 1784 oum
704 1717 760 1782 ille
774 1720 1008 1804 praesensisset
1022 1743 1059 1785 ac
1078 1720 1241 1807 profugis-

230 1815 288 1890 set,
310 1829 412 1891 usque
435 1807 477 1871 ad
494 1807 575 1870 fines
593 1806 730 1872 insecuti
747 1828 847 1890 regno
867 1807 1025 1891 domoque
1044 1809 1242 1892 expulerunt

195 1915 210 1961 3
230 1901 271 1979 et,
289 1895 398 1960 missis
417 1895 458 1960 ad
478 1893 649 1960 Caesarem
668 1893 889 1959 satisfaciendi
907 1917 1005 1960 cause
1022 1896 1152 1981 legatis,
1167 1918 1242 1962 cum

229 1984 257 2048 is
286 2004 415 2047 omnem
444 1981 485 2046 ad
513 2003 547 2045 se
575 1985 723 2046 senatum
749 1981 858 2046 venire
881 1982 1043 2066 iussisset,
1071 1983 1158 2049 dioto
1187 2006 1243 2049 au-

195 2089 211 2135 4
230 2071 354 2136 dientes
377 2091 444 2134 non
465 2068 606 2134 fuerunt.
641 2069 782 2133 Tantum
805 2069 891 2152 apud
912 2070 1060 2136 homines
1079 2072 1242 2136 barbaros

229 2158 343 2241 valuit,
365 2179 436 2222 esse
459 2156 587 2240 aliquos
609 2160 756 2239 repertos
779 2156 941 2240 principes
963 2157 1123 2223 inferendi
1150 2159 1242 2243 belli,

228 2249 419 2330 tantamque
434 2245 584 2310 omnibus
598 2244 803 2307 voluntatum
818 2245 1104 2310 commutationem
1115 2247 1241 2328 attulit,

228 2338 266 2398 ut
289 2338 418 2418 praeter
440 2332 570 2396 Aeduos
594 2334 628 2394 et
649 2331 782 2413 Remos,
811 2352 891 2414 quos
914 2333 1088 2417 praecipuo
1112 2355 1242 2418 semper

228 2423 351 2486 honore
375 2419 494 2484 Caesar
516 2417 640 2501 habuit,
664 2417 784 2482 alteros
807 2439 868 2502 pro
891 2423 1058 2485 retere'ac
1080 2426 1242 2506 perpetua

230 2530 308 2594 erga
317 2507 474 2592 populum
488 2505 671 2570 Romanum
684 2504 756 2588 fide,
770 2506 889 2570 alteros
899 2527 957 2590 pro
967 2508 1152 2573 recentibus
1163 2508 1241 2574 Gel-

229 2597 284 2660 lici
302 2594 381 2660 belli
396 2593 529 2676 'officiis
551 2593 644 2656 nulla
666 2592 733 2655 fere
753 2592 868 2657 civitas
886 2592 986 2657 fuerit
1003 2615 1069 2660 non
1088 2600 1242 2679 suspecta

196 2683 332 2748 anobis.
381 2680 482 2765 quue
510 2680 590 2743 adeo
617 2679 704 2742 haud
731 2679 798 2744 scio
825 2679 1049 2746 mirandumne
1077 2683 1135 2766 sit,
1165 2706 1241 2749 oum

229 2769 447 2853 compluribus
471 2768 545 2833 aliis
564 2766 737 2849 decausis,
759 2770 830 2831 tum
849 2767 996 2850 maxime,
1019 2770 1105 2852 quod
1125 2771 1164 2855 ei,
1183 2772 1240 2855 qui

228 2859 350 2923 virtute
372 2856 451 2920 belli
474 2855 623 2920 omnibus
646 2853 798 2939 gentihus
817 2853 1093 2940 praeferebantur,
1109 2862 1240 2923 tantum

229 2967 264 3009 se
292 2944 359 3008 eius
387 2941 548 3026 opinionis
576 2941 806 3025 deperdidisse,
833 2943 912 3006 uta
940 2943 1061 3026 populo
1090 2944 1241 3012 Romano

195 3137 209 3185 1
230 3028 989 3197 lmpelll.p'lliirevrerreini’eriididiidlllidlililihliillis
1004 3119 1107 3182 totius
1120 3119 1240 3186 hiemis

228 3206 355 3272 nullum
378 3207 506 3286 tempus
530 3201 782 3279 intermiserunt,
806 3205 884 3287 quin
905 3208 996 3267 trans
1020 3205 1170 3271 Rhenum
1194 3209 1240 3272 le·

230 3297 325 3380 gatos
347 3291 523 3374 mitterent,
546 3290 693 3355 civitates
717 3290 943 3373 sollicitarent,
966 3293 1118 3373 pecuniae
1141 3296 1239 3379 polli-

230 3385 386 3463 cerentur,
404 3398 524 3462 magna
537 3381 630 3462 parte
649 3376 807 3441 exercitus
825 3377 929 3441 nostri
946 3377 1118 3444 interfecta
1132 3383 1240 3448 multo

195 3486 210 3534 ι
230 3469 386 3534 minorem
406 3485 574 3550 superesse
593 3465 735 3531 dicerent
752 3468 888 3550 partem.
919 3463 1033 3548 Neque
1051 3470 1164 3535 tamen
1178 3471 1241 3538 ulli
