2686 4108
240 223 305 287 124
591 221 640 276 Du
658 221 774 277 BELLO
793 221 901 276 cmm

242 366 376 431 adversa
392 363 512 430 Caesar
530 366 641 450 copias
655 387 730 430 suas
751 363 861 429 divisit
875 368 1064 449 partemque
1082 363 1259 450 legionum

238 454 274 518 in
292 453 407 518 castris
421 453 556 538 Pompei
575 474 740 518 remanere
757 453 863 536 iussit,
879 457 1005 537 partem
1018 452 1053 515 in
1069 473 1129 516 sua
1141 457 1259 516 castra

239 542 379 627 remisit,
401 561 453 606 1111
477 563 586 606 secum
608 541 752 626 legiones
775 541 868 606 duxit
895 539 1176 622 commodioreque
1198 540 1259 603 iti-

238 651 315 694 nere
337 629 544 714 Pompeianis
568 649 734 694 occurrere
757 629 864 713 coepit
887 633 920 692 et
941 649 1133 714 progressus
1159 628 1258 692 milia

208 733 395 802 lpassuum
413 717 570 786 vraciem
587 716 752 780 instruxit.
781 715 901 791 Quare
920 716 1142 780 animadversa
1155 714 1258 780 Pom-

238 806 347 890 peiani
369 806 404 868 in
427 805 566 888 quodam
589 809 700 869 monte
723 805 948 869 constiterunt.
984 803 1081 868 Hunc
1103 808 1257 868 montem

239 894 359 957 flumen
378 893 558 956 subluebat.
591 890 710 957 Caesar
727 892 847 956 milites
867 892 1055 957 cohortatus
1075 894 1165 976 [est],
1187 893 1256 956 etsi

238 981 341 1045 totius
360 979 423 1044 diei
442 980 622 1044 continenti
640 981 751 1044 labore
770 985 862 1044 erant
881 980 1019 1045 confecti
1037 1001 1167 1062 noxque
1183 979 1256 1044 iam

114 1107 115 1110 =
239 1069 383 1152 suberat,
404 1071 514 1132 tamen
532 1068 712 1132 munitione
729 1069 850 1133 flumen
872 1091 892 1132 a
910 1072 1020 1132 monte
1043 1067 1188 1152 seclusit,
1211 1090 1255 1132 ne

209 1161 337 1221 onoctu
361 1155 475 1238 aquari
496 1155 686 1240 Pompeiani
708 1161 850 1240 possent.
891 1154 962 1231 Quo
984 1155 1128 1240 perfecto
1152 1176 1255 1239 opere

237 1242 287 1307 illi
310 1243 348 1307 de
371 1243 534 1308 deditione
552 1244 660 1308 missis
679 1244 796 1329 legatis
816 1265 911 1330 agere
929 1247 1113 1328 coeperunt.
1146 1241 1255 1308 Pauci

239 1331 360 1396 ordinis
384 1332 553 1416 senatorii,
580 1332 636 1415 qui
659 1353 693 1396 sc
716 1353 789 1396 cum
811 1333 853 1396 iis
878 1332 1125 1416 coniunxerant,
1151 1337 1255 1397 nocte

237 1419 316 1505 luga
339 1419 478 1484 salutem
501 1419 693 1503 petiverunt.

209 1524 222 1571 r
302 1506 546 1572 LXXXXVIlI.
570 1505 689 1572 Caesar
706 1506 812 1590 prima
829 1507 901 1571 luce
920 1528 1031 1571 omnes
1050 1526 1116 1590 eos,
1138 1507 1198 1590 qui
1218 1509 1256 1571 in

237 1599 347 1660 monte
371 1595 596 1679 consederant,
618 1616 657 1660 ex
680 1593 900 1677 superioribus
922 1594 1004 1658 locis
1021 1593 1057 1657 in
1074 1594 1256 1678 planiciem

208 1684 429 1748 adescendere
453 1686 549 1765 atque
573 1705 663 1746 arma
685 1682 828 1766 proicere
851 1682 955 1746 iussit.
990 1680 1083 1756 Quod
1100 1682 1160 1746 ubi
1179 1683 1255 1747 sine

236 1771 439 1836 recusatione
461 1770 607 1835 fecerunt
628 1769 797 1855 passisque
818 1769 936 1853 palmis
958 1769 1095 1854 proiecti
1122 1771 1164 1834 ad
1186 1775 1255 1835 ter-

236 1883 307 1924 ram
329 1860 444 1924 flentes
468 1858 509 1923 ab
533 1880 571 1922 eo
591 1858 729 1922 salutem
746 1859 945 1942 petiverunt,
967 1857 1155 1922 consolatus
1175 1880 1256 1923 con-

238 1967 369 2032 surgere
391 1945 487 2010 iusait
511 1950 544 2010 et
565 1967 669 2030 pauca
692 1946 777 2030 apud
799 1967 854 2010 eos
873 1945 913 2010 de
930 1945 1065 2009 lenitate
1083 1967 1143 2009 sua
1161 1946 1255 2011 locu-

237 2039 305 2117 tus,
336 2055 399 2116 quo
432 2034 557 2098 minore
589 2038 697 2098 essent
728 2033 859 2118 timore,
890 2054 1001 2098 omnes
1034 2037 1254 2120 conservavit,

237 2121 459 2204 militibusque
487 2121 554 2185 suis
583 2121 834 2205 commendavit,
859 2142 900 2185 ne
927 2121 983 2204 qui
1010 2142 1123 2186 eorum
1147 2123 1255 2187 viola-

206 2226 221 2273 a
235 2214 335 2293 retur,
347 2230 410 2272 neu
425 2208 502 2292 quid
517 2208 567 2272 sui
581 2209 807 2274 desiderarent.
830 2208 901 2274 Hac
916 2209 1062 2274 adhibita
1075 2209 1254 2296 diligentia

236 2319 275 2362 ex
300 2296 416 2362 castris
444 2295 507 2359 sibi
533 2296 678 2382 legiones
706 2296 786 2361 alias
814 2318 980 2361 occurrere
1008 2302 1042 2362 et
1069 2319 1137 2383 eas,
1165 2321 1252 2383 quas

236 2407 345 2450 secum
369 2385 517 2468 duxerat,
543 2383 579 2447 in
603 2384 707 2449 vicem
728 2385 928 2467 requiescere
956 2389 1052 2468 atque
1079 2386 1115 2448 in
1137 2392 1254 2454 castra

235 2472 355 2537 reverti
376 2471 474 2536 iussit
497 2472 672 2556 eodemque
696 2472 746 2536 die
769 2471 916 2537 Larisam
938 2473 1093 2556 pervenit.

207 2575 220 2621 1
279 2557 540 2624 LXXXXVIIII.
563 2559 603 2624 In
621 2581 659 2624 eo
677 2560 801 2644 proelio
819 2581 885 2624 non
903 2560 1041 2644 amplius
1062 2577 1103 2626 cc
1123 2563 1252 2631 milites

236 2647 443 2731 desideravit,
465 2648 522 2711 sed
544 2647 761 2732 centuriones,
782 2647 884 2712 fortes
907 2649 1005 2733 viros,
1026 2649 1156 2714 circiter
1174 2671 1252 2718 xxx

205 2749 221 2796 a
236 2734 354 2799 amisit.
378 2735 573 2799 Interiectus
592 2739 643 2799 est
656 2735 755 2799 etiam
768 2735 946 2800 fortissime
959 2759 1109 2822 pugnans
1124 2736 1253 2806 Crasti·
1333 2771 1334 2774 ¹

234 2843 311 2905 nus,
333 2822 424 2885 cuius
448 2823 646 2886 mentionem
669 2823 930 2908 supra-fecimus,
953 2825 1061 2910 gladio
1081 2826 1117 2889 in
1135 2847 1174 2892 os
1194 2832 1254 2895 ad-

205 2924 365 2974 sversum
387 2910 543 2974 coniecto.
583 2908 697 2993 Neque
719 2911 753 2974 id
775 2911 838 2976 fuit
861 2912 993 2997 falsum,
1020 2914 1107 2997 quod
1130 2914 1189 2980 ille
1214 2919 1254 2982 in

234 3018 379 3082 pugnarn
400 2997 608 3080 proficiscens
631 2998 763 3062 dixerat.
806 2998 859 3065 Sic
883 3001 970 3065 enim
992 2998 1112 3065 Caesar
1136 3005 1254 3070 existi-

235 3085 362 3169 mabat,
389 3105 426 3147 eo
449 3085 572 3169 proelio
596 3086 898 3152 excellentissimam
922 3089 1077 3154 virtutem
1099 3086 1253 3159 Crastini

205 3173 349 3256 eluisse,
376 3172 561 3256 optimeque
584 3194 658 3237 eum
681 3173 720 3238 de
746 3196 780 3238 se
803 3176 956 3241 meritum
978 3177 1151 3242 iudicabat.
1194 3180 1253 3247 Ex

234 3259 432 3345 Pompeiano
452 3260 594 3324 exercitu
611 3261 738 3326 circiter
752 3262 843 3327 milia
860 3283 907 3328 xv
922 3266 1074 3330 cecidisse
1092 3265 1254 3333 videban-

234 3352 301 3430 tur,
330 3348 443 3412 sedin
470 3347 665 3412 deditionem
687 3355 844 3415 venerunt
867 3353 1004 3435 amplius
1027 3353 1117 3417 milia
1139 3371 1253 3422 xx1111

234 3431 386 3519 (namque
416 3435 516 3501 etiam
543 3436 705 3512 cohortes,
737 3459 818 3521 quae
847 3439 1007 3523 pracsidio
1036 3441 1072 3504 in
1100 3444 1253 3511 castellis

233 3523 375 3605 fuerant,
399 3545 468 3588 sese
492 3521 600 3589 Sullae
619 3523 834 3610 dediderunt),
857 3527 953 3589 multi
970 3534 1138 3612 praeterea
1160 3533 1254 3599 refu-
