2758 4114
437 167 504 224 LIB.
524 168 585 224 IlIL
619 169 695 225 CAP.
714 169 735 224 l.
753 167 787 224 11.
1072 171 1113 236 67

105 315 229 378 minum
248 313 370 377 flumen
386 312 535 380 Rhenum
558 313 759 378 transierunt
776 335 842 378 non
861 314 958 399 longe
981 336 1001 378 a
1024 315 1117 397 mari,

105 425 169 487 quo
193 402 326 466 Rhenus
356 400 470 466 influit.
516 399 623 468 Causa
650 401 838 466 transeundi
860 401 923 466 fuit
910 403 1051 486 t,quod
1073 403 1149 468 aba

105 490 220 555 Suebis
244 489 428 574 complures
452 511 554 554 annos
583 489 740 574 exagitati
713 489 857 553 thello
885 491 1076 583 premebant
1077 513 1115 555 ur

104 583 138 643 et
166 577 239 664 agri
272 578 400 643 cultura
432 577 697 662 prohibebantur
750 574 929 642 Sueborum
957 598 1035 663 gens
1066 584 1149 644 esta

106 668 204 752 longe
223 665 364 730 maxima
388 670 421 730 et
439 665 688 730 bellicosissima
708 664 942 732 Germanorum
962 667 1115 731 omnium.

104 754 151 819 Hi
170 758 299 820 eentum
314 775 418 839 pagos
436 753 558 818 habere
573 743 732 837 dicuntur,
751 753 922 837 exquibus
942 756 1150 838 quotannisr

105 843 254 994 ειᾶιιςιιιιι,
269 842 368 994 mgis}
392 847 592 994 armatorqm
617 841 767 943 ¹bellandi
799 863 895 906 oausa
927 864 965 995 aqi
998 843 1115 994 finifius
1198 879 1204 890 ·

105 953 230 996 eucun
330 951 515 1015 erqu1,qu1
560 951 626 995 om1
644 934 843 1012 manserunt,
866 952 939 995 sea
978 953 1051 995 uer
1079 949 1150 997 oss

105 1019 212 1102 alunt3
239 1018 275 1082 hi
302 1039 413 1082 rursus
441 1018 475 1083 in
503 1018 605 1083 vicem
635 1039 719 1083 anno
747 1018 860 1118 post
851 1040 885 1081 m
908 953 1007 1082 amin
1032 1023 1116 1102 sunt,

104 1107 157 1172 illi
180 1107 265 1172 domi
285 1110 463 1170 remanent.
510 1104 562 1171 Sic
584 1127 688 1190 neque
708 1106 780 1191 agri
802 1107 929 1171 cultura
951 1129 1010 1171 nec
1029 1107 1150 1174 rat1oo

106 1199 205 1279 atqua
223 1216 301 1260 usus
319 1184 467 1260 belli't
418 1217 452 1258 m
453 1194 655 1260 termittitur.
697 1191 759 1258 Sed
777 1193 885 1278 privat
886 1195 898 1258 i
916 1217 953 1260 ao
972 1196 1115 1280 separati
1134 1213 1150 1263 ι

105 1283 179 1368 agri
202 1283 288 1368 apud
307 1305 362 1347 eos
385 1283 542 1347 nihilt
492 1286 542 1346 est
542 1303 675 1366 ,neque
696 1282 826 1366 longius
845 1304 930 1347 anno
949 1305 1115 1348 remanere

104 1393 170 1436 uno
202 1373 236 1434 in
269 1373 339 1437 loco
371 1370 532 1436 incolendi
564 1392 662 1436 causa
693 1370 779 1434 licet.
756 1368 943 1453 tNeque
975 1371 1150 1438 multuma

104 1460 283 1538 frumento,
314 1459 370 1524 sed
400 1460 575 1524 maximam
604 1461 731 1543 partam
761 1459 846 1522 lacte
876 1463 973 1543 atque
1000 1481 1115 1544 pecore

105 1549 234 1630 vivunt,
259 1547 461 1632 multumque
485 1551 561 1612 sunt
583 1547 617 1610 in
639 1545 880 1629 venationibus3
903 1569 984 1630 quae
1007 1569 1058 1611 res
1083 1552 1115 1612 et
1134 1567 1149 1614 9

105 1636 170 1701 cibi
186 1656 302 1721 genera
321 1639 354 1702 et
372 1635 534 1700 cotidiana
549 1635 778 1700 exercitatione
797 1639 830 1699 et
849 1634 1001 1699 libertate
1020 1636 1116 1718 vitae,

105 1747 179 1794 oum
205 1746 224 1788 a
254 1725 362 1808 pueris
393 1724 485 1788 nullo
518 1721 624 1788 officio
653 1725 709 1786 aut
742 1723 911 1808 disciplina
943 1724 1116 1788 assuefacti

104 1812 189 1876 riihil
212 1811 344 1876 omnino
368 1816 481 1876 contra
503 1811 706 1876 voluntatem
728 1810 864 1894 faciant,
893 1815 926 1876 et
948 1811 1034 1876 vires
1058 1812 1117 1875 alit

105 1894 292 1965 et'immani
310 1921 482 1984 corporum
500 1898 724 1984 magnitudine
742 1899 889 1964 homines
909 1899 1020 1964 efficit.
1056 1898 1115 1964 At·
1138 1918 1168 1965 10

106 2010 168 2071 que
194 1987 229 2052 in
256 2009 328 2052 eam
361 2009 395 2052 se
424 1987 686 2052 consuetudinem
718 1987 932 2070 adduxerunt,
964 1991 1001 2052 ut
1034 1987 1114 2053 locis

106 2075 328 2161 frigidissimis
360 2097 464 2159 neque
496 2075 634 2140 vestitus
668 2078 798 2161 praeter
829 2076 925 2160 pellis
958 2076 1116 2141 haberent

106 2165 291 2250 quicquam,
329 2185 464 2248 quarum
500 2167 636 2250 propter
668 2163 879 2249 exiguitatem
914 2185 1034 2248 magna
1066 2170 1116 2230 est

106 2253 253 2338 corporis
276 2274 352 2336 pars
377 2255 499 2336 aperta,
522 2255 555 2316 et
578 2252 765 2317 lavarentur
787 2251 822 2316 in
843 2251 1040 2316 fluminibus

193 2338 236 2406 Π.
269 2340 502 2406 Mercatoribus
531 2343 581 2404 est
608 2339 715 2404 aditus
743 2341 850 2424 magis
878 2361 930 2422 eo,
956 2343 1006 2421 ut,
1035 2359 1150 2425 quaer

106 2429 190 2494 hallo
210 2428 363 2512 ceperint,
386 2427 503 2513 quibus
521 2429 671 2511 vendant,
693 2427 845 2511 habeant,
870 2449 968 2512 quam
987 2450 1051 2512 quo
1070 2429 1117 2493 ul-

106 2517 173 2582 lam
196 2537 266 2580 rem
290 2515 331 2581 ad
354 2537 389 2581 sa
411 2516 583 2602 importari
606 2516 796 2582 desiderent.
844 2514 1048 2592 Quinetiam
1070 2517 1150 2581 ιιι-ι

109 2604 237 2689 mentia,
261 2605 379 2688 quibus
402 2604 541 2670 maxime
561 2603 649 2670 Galli
671 2605 873 2669 delectantur
892 2627 1037 2688 quaeque
1059 2607 1117 2670 im·

107 2714 209 2777 penso
241 2696 361 2777 parant
393 2693 512 2777 pretio,
541 2693 694 2758 Germani
724 2693 911 2778 importatis
942 2692 1021 2774 [his]
1050 2717 1117 2759 non

107 2784 256 2864 utuntur,
286 2781 357 2864 sed,
386 2802 468 2864 quae
491 2783 567 2847 sunt
590 2781 675 2865 apud
699 2801 753 2844 eos
776 2784 868 2864 nata,
891 2802 993 2864 parva
1020 2785 1117 2866 atque

108 2868 274 2947 deformia,
299 2869 379 2934 haec
402 2869 565 2934 cotidiana
588 2867 826 2951 exercitatione,
850 2869 968 2932 summi
990 2872 1027 2932 ut
1051 2869 1117 2934 sint

108 2957 242 3042 laboris,
265 2957 418 3024 efficiunt.
458 2956 673 3041 Equestribus
697 2956 829 3040 proeliis
851 2978 946 3040 saepe
970 2978 1008 3020 ex
1027 2957 1116 3041 equis
1136 2976 1151 3022 3

109 3045 264 3110 desiliunt
287 3068 325 3111 ac
347 3044 484 3130 pedibus
507 3043 720 3130 proeliantur,
749 3067 912 3130 equosque
936 3045 1048 3110 eodem
1071 3069 1117 3112 re

107 3155 238 3198 manere
265 3134 406 3220 vestigio
435 3131 688 3217 assuefecerunt,
720 3134 760 3197 ad
789 3155 870 3218 quos
898 3155 932 3198 se
960 3135 1117 3218 celeriter,

109 3245 182 3288 oum
202 3243 279 3286 usus
298 3226 358 3306 est,
376 3221 550 3306 recipiunt3
572 3243 675 3305 neque
694 3243 806 3286 eornm
825 3222 971 3286 moribus
990 3223 1117 3307 turpius
1135 3241 1152 3286 4

109 3309 280 3394 quicquam
310 3314 367 3374 aut
399 3309 535 3373 inertius
566 3309 706 3373 hahetur
735 3331 832 3392 quam
866 3309 1028 3395 ephippiis
1060 3311 1117 3374 uti.

109 3398 222 3482 Itaque
246 3397 287 3462 ad
314 3397 460 3482 quemvis
488 3419 657 3462 numerum
685 3397 949 3481 ephippiatorum
973 3397 1151 3482 equitumo

109 3486 256 3572 quamvis
285 3486 379 3570 pauci
407 3485 495 3550 adire
523 3485 649 3551 audent.
704 3485 825 3552 Vinum
853 3485 894 3550 ad
923 3507 957 3550 so
985 3485 1151 3552 omninoo

909 3596 947 3656 ὁ*
